1612 2661
202 179 90 88 Et
318 172 267 99 determiner
617 168 56 91 des
712 164 158 95 ſecretz

211 251 90 91 De
329 248 127 92 droitz
485 239 274 111 mundiaulx
801 239 25 98 et
852 246 165 95 decretz

204 335 96 77 Et
335 331 210 88 reprimer
579 329 133 82 toutes
765 325 156 87 iniures

208 405 95 81 Les
342 394 116 97 faulx
505 395 82 97 poix
633 390 28 88 et
687 388 163 99 faulces
890 386 197 96 meſures

210 475 334 76 Quietement
581 465 253 81 proſperera

215 548 125 92 Qui
359 545 76 98 par
468 538 86 102 moy
593 544 28 85 ſe
655 535 276 99 gouuernera

293 758 120 88 Pere
454 745 185 96 Ariſtote
673 758 29 86 en
744 743 22 90 la
807 740 227 100 philoſopi

224 840 93 72 Et
347 839 32 72 de
409 836 89 74 tous
538 834 63 74 ars
641 832 32 74 et
703 826 223 79 naturelle
966 824 58 77 uie

225 906 96 92 En
361 900 95 97 tous
489 899 49 92 ſes
577 896 96 99 faitz
706 893 21 96 ſe
760 894 184 90 ſubmiſt
977 896 1 89 a
1024 896 130 88 raiſon

224 981 241 90 Parquoy
497 975 116 96 ſcient
651 971 61 100 fut
751 971 88 93 ſans
878 972 308 90 comparaiſon

228 1055 139 82 Car
397 1052 77 89 par
504 1047 108 91 icelle
643 1040 247 97 enquerant
932 1040 134 84 uerite

229 1119 260 84 Magnifia
539 1119 162 81 uertus
735 1125 29 73 et
798 1122 133 75 equite

235 1199 94 82 Et
354 1194 82 87 doit
461 1188 202 93 marcher
694 1184 62 97 ſur
789 1181 201 96 lhomme
1022 1178 35 93 et
1083 1182 28 89 le
1143 1173 155 94 garder

242 1272 97 82 De
369 1272 74 81 trop
484 1272 208 78 menger,
703 1260 147 84 parler
879 1257 31 82 et
940 1255 232 87 brocarder

241 1342 97 75 Et
371 1335 183 82 refrener
587 1334 29 79 ſa
666 1330 206 82 uoulente
899 1323 177 85 mobille

246 1419 92 83 De
370 1419 237 86 fouruoyer
639 1419 73 80 aux
757 1398 184 97 champs
980 1397 34 94 et
1045 1404 1 84 a
1091 1397 21 88 la
1163 1394 100 88 uille

244 1488 144 90 Pour
419 1487 63 90 non
525 1484 171 93 tumber
732 1483 39 79 au
814 1480 126 92 dãger
971 1479 51 89 des
1065 1476 170 91 brigans

304 1562 250 98 Cenebreux
586 1553 103 101 lieux
728 1559 31 82 du
806 1551 159 92 monde
998 1543 187 101 latitans

603 1692 198 94 ¶aiſon
841 1687 80 88 par
948 1680 30 96 ti

449 1770 298 99 Cronique
774 1760 38 104 du
855 1758 146 99 temps
1043 1755 160 103 preſent

485 1849 89 86 An
612 1840 80 92 mil
723 1836 73 102 cinq
834 1847 89 87 cens
969 1831 137 101 uingt
1136 1829 24 87 et
1206 1811 73 112 ung
1317 1810 89 114 paix
1452 1809 105 111 regne

508 1911 160 101 Dont
694 1911 23 98 le
750 1921 70 84 dieu
861 1908 174 100 marsſi
1055 1902 181 100 treſfort
1263 1909 29 84 ſe
1326 1898 160 101 indigna

512 1994 143 80 Quil
681 1984 198 92 deſploya
911 1993 29 83 le
959 1975 211 102 ſtandard
1210 1981 28 87 de
1270 1973 103 97 follie

602 2067 65 111 ont
697 2065 65 107 fiſt
799 2061 184 115 preſent,
997 2059 73 114 par
1099 2055 184 118 rigueur
1312 2054 26 115 le
1368 2051 120 113 donne
