1672 2658
99 225 0 0 A
187 155 45 83 ses
269 143 401 94 enfans:auſquelz
701 141 20 92 il
765 141 185 91 ordonna

177 588 87 78 En
306 582 23 84 ce
364 575 44 91 dit
443 583 37 90 an
515 571 52 104 ily
609 579 59 93 eut
703 576 95 94 deux
833 573 51 90 ſou

123 617 1 45 L

99 742 90 74 En
234 734 270 82 eſmouuant
544 736 73 77 une
656 730 90 83 folle
780 733 186 79 querelle

106 231 90 88 De
225 229 157 89 mettre
411 229 1 85 a
453 227 115 86 mort
591 226 80 84 paix
718 225 73 83 qui
814 223 151 83 princes
1006 221 97 80 allie

102 301 203 92 Quant
336 303 77 86 paix
457 298 26 87 le
514 295 102 88 ſceut
647 300 33 79 de
723 293 154 84 France
914 290 64 86 fiſt
1009 290 128 88 faillie

101 377 100 79 Et
226 370 310 86 dallemaigne
574 365 67 90 eut
666 368 28 87 ſa
732 365 113 90 place
890 367 27 88 en
962 363 218 91 Lorraine

113 450 122 98 Dieu
277 444 309 103 moyennant,
607 440 1 99 ⁊
650 448 23 85 le
707 441 59 95 bon
815 437 66 103 duc
915 437 9 92 A
973 436 213 104 nthoine.

98 662 131 87 Qui
248 658 163 90 mirent
443 657 59 88 ſus
540 653 183 91 guidons
761 665 27 75 et
826 652 235 90 eſtandare

95 874 0 0 A
180 808 80 90 fors
299 806 166 93 diſcorde
510 804 232 95 empoigna
781 805 113 85 lance
926 799 28 85 et
986 801 93 90 dars

97 883 95 90 Les
226 874 287 100 pouruoyant
547 877 27 96 de
608 879 170 93 picques
826 872 116 98 auſſi
969 872 34 94 de
1030 874 89 94 arcs

102 952 152 82 Dont
285 952 45 92 fit
354 952 160 88 preſens
557 952 1 91 a
602 952 102 90 gens
741 952 159 85 pareilz
931 952 1 79 a
975 952 71 78 elle

95 1023 143 87 Ainſi
260 1025 25 84 ſe
315 1024 160 84 esmeut
511 1034 148 72 guerre
688 1024 66 79 non
801 1018 78 84 trop
926 1018 155 82 cruelle

95 1104 139 77 Car
261 1102 33 79 ſe
320 1091 153 91 neſtoit
506 1094 66 88 que
605 1107 100 76 pour
751 1091 73 93 ung
877 1091 165 94 uireton

99 1170 180 95 Maint
306 1170 49 99 eſt
389 1171 97 88 batu
528 1172 34 90 de
590 1173 55 91 ſon
686 1173 146 93 propre
866 1175 171 89 baſton.

165 1304 90 84 Dr
288 1300 157 89 aduint
479 1328 123 62 ibie
648 1300 124 91 ſoubz
819 1299 198 94 umibre!

483 1302 84 75 Eou

97 1384 177 95 Laigle
318 1382 113 94 uolla
469 1381 138 96 diſant
639 1379 178 96 trouuer
848 1387 152 82 moyen

99 1459 91 83 De
222 1458 511 92 briſer,rompre,abolir
766 1458 32 90 et
824 1457 207 90 deſtruire

97 1538 144 84 Lieux
285 1533 220 89 larcineux
549 1533 0 82 ⁊
587 1531 37 84 ny
662 1530 257 90 eſpargnoit
951 1538 69 80 rien

102 1605 173 85 Tant
307 1604 70 81 que
409 1604 32 90 on
499 1604 115 86 diſoit
646 1604 71 90 que
749 1604 77 88 peru
870 1603 26 86 le
928 1603 141 93 terrien

97 1674 190 82 Seroit
320 1676 85 91 tenu
444 1672 203 95 deſſoubz
680 1679 58 88 luy
778 1670 26 92 ſe
837 1670 170 89 reduyre

95 1753 113 79 Deu
252 1752 81 84 quil
365 1750 157 90 prenoit
559 1748 151 89 plaiſir
741 1748 0 81 a
785 1747 51 82 ſoy
879 1745 170 84 deduyre

97 1830 128 75 Que
251 1818 314 93 marchandiſe
597 1816 129 84 allaſt
758 1816 64 84 par
854 1823 26 77 le
912 1817 154 83 chemin

99 1898 138 97 Bien
276 1898 216 96 cõmencer
545 1898 124 93 uault
709 1898 52 93 peu
807 1898 92 93 fans
938 1898 131 96 bonne
1102 1898 46 91 fix

172 2030 114 131 Lyon
