1617 2661
169 149 124 94 Qui
313 152 62 91 fut
409 147 131 95 eſclos
573 161 8 81 ⁊
621 147 124 95 couue
778 150 90 92 dens
909 153 28 88 le
970 155 35 86 ny

179 234 116 86 Des
336 228 251 95 autrichons
628 228 62 95 fiſt
729 225 76 96 ung
845 226 137 92 grant
1016 235 55 84 tas
1118 228 35 83 de
1186 221 137 97 miues

176 299 257 95 Changea
471 302 26 79 de
528 298 180 84 marche
739 296 1 86 ⁊
778 294 65 88 fut
874 308 33 74 de
951 300 58 83 luy
1040 292 129 91 banny

181 376 112 89 Son
333 370 66 92 bon
452 368 172 93 uouloir
657 368 126 87 Ainſi
823 374 66 83 que
922 366 112 93 eſtoit
1061 373 132 88 muny

181 444 137 94 Cuy
344 444 39 94 da
422 443 201 93 francoys
662 446 59 81 luy
760 441 162 86 reſiſter
955 446 195 86 indignes

181 520 218 80 Voyant
435 523 23 77 le
488 525 53 75 lys
588 517 65 83 qui
682 516 112 84 eftoit
824 520 112 80 entre
971 523 159 77 eſpines

184 589 214 84 Voulut
429 588 114 88 rauir
574 587 51 91 ſon
669 586 76 88 clos
782 585 96 91 parc
908 586 33 86 et
977 586 178 84 uergier

186 663 94 96 On
323 662 36 100 ne
388 659 116 102 doibt
540 658 80 107 trop
656 658 123 107 foible
815 660 144 105 cheual
988 658 216 101 charger.

190 873 138 94 ¶Le
355 873 55 99 lys
445 873 186 99 ſouffrit
658 879 69 91 que
762 886 27 85 on
844 871 83 97 uint
961 878 138 93 contre
1133 871 124 100 raiſon

192 958 145 81 Pour
373 949 187 89 laſſallir
589 951 169 85 iuſques
801 962 24 72 en
866 948 31 85 sa
939 947 163 86 maiſon

192 1020 150 90 Mais
381 1022 19 84 il
433 1023 208 92 congneut
674 1035 26 73 en
739 1022 45 85 fin
830 1033 292 86 lintelligence

201 1099 90 85 De
323 1100 89 83 gens
464 1093 198 87 uoulans
701 1096 166 85 prendre
899 1102 71 81 par
1002 1095 230 93 meſpriſon

199 1177 150 79 Sans
389 1177 98 76 iuſte
522 1177 97 73 droit
648 1177 46 72 les
735 1177 97 75 lieux
873 1177 34 77 ou
965 1177 23 78 la
1028 1177 127 82 toiſon

204 1237 88 82 Du
344 1240 204 80 ueaulcre
583 1250 64 71 dor
676 1237 65 84 fiſt
770 1240 105 82 iadis
921 1244 204 79 reſidence

201 1323 120 74 Vng
366 1323 121 74 franc
512 1323 120 73 cueur
677 1323 86 73 uint
798 1323 0 72 y
833 1323 160 72 mettre
1043 1323 206 72 reſiſtence

206 1381 176 89 Tant
413 1386 66 86 que
510 1382 27 86 le
562 1387 59 79 lys
659 1388 110 84 entre
808 1383 155 92 eſpines
1002 1383 143 95 fleurs
1177 1387 91 87 rend

206 1454 196 104 Peuple
438 1454 58 87 uit
525 1462 94 79 mal
655 1456 138 100 quant
829 1470 87 88 roys
952 1456 66 105 ont
1061 1458 210 103 differend

204 1597 232 101 ¶Ceſte
471 1598 119 97 toiſon
646 1600 63 98 qui
737 1601 78 96 neſt
850 1602 84 86 ſans
983 1604 98 92 droit
1116 1605 169 88 acquiſe

210 1677 110 79 Fut
353 1674 71 82 par
463 1671 123 96 Iaſon
625 1676 149 89 dedans
813 1687 123 82 colcos
975 1687 188 81 conquiſe

204 1752 96 81 Et
337 1751 138 83 depuis
517 1749 103 85 miſe
650 1747 30 87 et
710 1747 138 88 portee
878 1750 31 85 en
951 1749 331 87 Bourgongne

204 1827 150 76 Pour
386 1827 26 75 la
451 1827 143 82 rauoir
634 1827 104 88 aſſez
770 1827 33 88 on
842 1827 26 86 en
913 1827 130 82 deuiſe

206 1898 86 82 Si
317 1898 31 82 on
391 1891 37 90 ya
465 1892 210 89 beſongne
712 1897 31 84 de
774 1899 111 83 main
928 1902 98 80 miſe

219 1962 132 97 Ceſt
384 1965 99 94 ſans
536 1963 112 95 uenir
681 1969 33 88 au
761 1961 99 95 bout
893 1975 26 80 de
952 1975 26 80 la
1018 1962 211 92 beſongne

510 2046 0 62 1

306 2047 48 97 ieu
400 2035 116 134 comn

646 2035 69 121 uer
