1686 2658
93 169 92 90 Et
216 160 124 99 peult
363 162 154 97 donner
547 169 8 90 a
594 152 70 107 qui
686 151 63 108 luy
786 150 124 109 plaiſt
948 163 23 96 la
1017 162 131 97 ghlre

88 388 72 86 Le
191 385 174 88 gardien
408 387 30 84 du
480 385 60 85 lieu
588 389 24 80 en
655 385 66 83 fut
751 385 157 82 reprins

90 461 157 77 Sans
288 459 88 79 coup
411 457 175 81 frapper
621 456 175 82 delibera
836 456 59 82 ſoy
936 456 134 82 rendre

90 609 144 79 Print
266 610 44 87 ſon
353 611 101 86 fuſil
479 612 169 74 comme
680 614 37 77 au
761 604 182 91 meſtier
974 617 101 78 apris

90 748 134 78 Puis
262 751 26 75 ſe
326 744 134 82 partit
491 744 185 82 deſrrant
714 747 300 92 entreprendre

90 822 88 80 En
225 823 100 84 faire
360 824 158 79 autant
554 826 0 72 a
600 827 218 80 Mezieres
865 830 29 75 ou
941 831 88 78 plus

88 241 140 88 Lung
268 238 87 93 pert
395 237 187 92 honneur
622 250 134 82 quant
789 242 147 92 lautre
969 244 194 94 acquiert
1203 241 180 97 uictoirr

93 322 132 80 ¶Il
250 322 114 87 fault
395 321 113 75 noter
546 321 69 90 que
647 320 138 88 quant
817 319 189 92 Mouſon
1043 319 70 89 fut
1144 318 101 88 prins

90 532 360 86 Bourgongne
482 529 134 92 adonc
642 531 129 93 cuyda
809 544 186 80 gaigner
1027 532 20 84 le
1079 531 70 92 pris

90 673 140 87 Feux
269 671 167 94 alluma
488 672 206 96 uoullant
740 677 87 85 tout
859 677 160 97 mettre
1051 691 28 84 en
1124 691 134 81 cendre

97 889 164 90 Tout
289 887 79 99 neſt
402 886 186 104 parfaict
622 889 101 105 ainſi
749 892 87 102 quil
878 892 43 102 eſt
949 895 231 100 conclude.

93 1038 0 87 ¶
176 1032 333 94 Bourgongne
541 1039 116 87 auoit
689 1034 32 92 ou
765 1036 122 91 ſonge
919 1047 32 80 ou
996 1032 109 95 reſue

90 1115 126 75 Que
246 1114 48 77 ſes
336 1109 204 85 ſubgectz
576 1111 180 85 auoient
786 1125 138 73 moyen
972 1111 150 89 trcuue

88 1183 206 85 Prendre
329 1184 189 81 Meziere
547 1186 30 76 ou
630 1187 200 84 traſmiſt
859 1188 294 79 ambaſſades

84 1258 120 73 Lors
261 1252 74 80 ung
380 1256 199 77 Bayart
608 1254 79 79 euſt
722 1252 22 82 le
779 1262 119 72 cueur
938 1251 131 84 esleue

86 1325 125 80 Qui
234 1333 39 72 ne
302 1324 181 82 permiſt
517 1324 23 82 le
568 1324 46 83 liz
642 1325 96 82 eſtre
772 1324 120 84 greue

88 1398 146 86 Mais
274 1393 66 87 fiſt
373 1393 226 95 merueille
639 1408 26 80 en
712 1396 172 92 gettant
918 1395 46 93 ſes
1004 1396 159 92 ruades

95 1466 169 78 Tant
297 1470 68 75 que
393 1475 34 70 on
472 1475 22 71 en
556 1466 56 80 uit
646 1475 34 72 de
713 1467 113 81 mors
859 1474 29 74 et
921 1478 28 70 de
983 1468 208 82 malades

93 1550 92 73 De
211 1537 164 96 glaiue,
395 1537 105 95 fain,
513 1539 33 89 de
579 1540 164 93 chault,
763 1545 0 83 ⁊
802 1546 33 84 de
868 1539 118 94 deſpit

86 1610 216 88 Contre
339 1610 18 88 le
406 1611 117 88 uueil
548 1618 31 82 de
616 1617 73 83 dicu
733 1630 43 71 na
813 1630 67 72 nul
911 1612 145 91 reſpit.

88 1684 282 101 ¶Perſeus
416 1686 99 81 uint
546 1683 68 108 qui
637 1683 23 96 le
690 1683 122 100 franc
843 1696 114 81 cueur
1011 1681 160 113 uoulut

90 1764 267 71 Solliciter
388 1764 72 72 par
491 1763 273 74 ſumptueux
805 1763 118 75 ſalut

88 1825 104 95 Luy
226 1825 249 97 preſentant
502 1827 187 96 pegaſus
730 1827 146 100 cheual
909 1827 91 92 sage

93 1902 69 93 Il
188 1903 145 91 monta
370 1906 57 85 ſus
471 1907 95 83 ſans
610 1909 95 79 eſtre
736 1910 183 77 diffolut

90 1980 190 85 Parmy
320 1973 46 91 les
405 1984 85 79 aers
549 1973 132 89 uoller
713 1977 27 83 et
772 1980 59 80 luy
864 1973 164 86 challut

97 2050 81 101 Si
196 2048 107 120 prnt
339 2046 153 129 chemin
528 2051 72 124 par
626 2053 27 122 le
689 2044 198 131 commun
932 2047 152 128 paſſay

1138 2144 39 92 a.
1189 2144 52 95 iiii
