1604 2661
210 436 0 0 ¶

175 143 139 96 Pour
350 135 190 108 aſſaillir
568 138 249 101 gorgonnes
861 153 29 82 en
933 139 89 95 leur
1058 144 102 92 rage

186 226 245 84 Deſirans
471 228 119 82 nuyre
625 229 34 77 au
699 229 125 81 frane
852 230 126 82 cueur
1035 231 28 68 et
1097 231 34 83 au
1177 232 40 82 liz

201 288 149 85 Fraulx
397 286 232 88 inuenteus
676 290 66 84 ont
777 292 149 83 cueurs
979 288 89 88 faill

317 356 1 80 e
355 354 59 83 Lon
458 354 154 84 cheual
636 355 193 84 pegaſus
866 358 109 82 print
1006 361 71 80 par
1116 369 0 66 i

184 430 275 106 Soubdain
496 430 52 106 ſon
607 431 67 98 uol
703 435 30 92 du
778 427 126 102 franc
933 430 119 106 cueur
1089 427 67 109 fiſt
1193 445 89 89 pler

188 518 92 85 En
320 507 304 93 demonſtrant
664 507 53 95 ſes
769 507 152 96 uertus
961 509 225 96 ſpecialles

188 584 97 79 Et
318 583 32 79 ne
396 580 162 81 uoulut
597 579 90 88 plus
726 578 52 92 ſon
817 581 117 93 renom
992 594 98 79 celer

190 654 148 78 Mais
381 662 0 71 a
424 649 178 86 Nature
633 649 18 87 il
682 649 25 87 ſe
737 650 105 88 print
873 662 6 76 a
928 649 135 91 uoller

193 730 91 77 Et
317 729 71 85 par
421 722 208 96 eſpaigne
661 722 110 96 auſſi
797 730 72 86 par
901 727 52 88 les
1012 722 149 91 Italles

193 805 180 74 Grace
409 805 134 74 receut
584 806 56 72 des
682 807 149 70 deeſſes
877 808 180 68 fatalles

193 875 103 90 Luy
337 870 286 90 promettant
651 871 34 88 de
719 871 55 95 son
815 878 61 82 bon
917 871 123 98 droict
1081 874 150 97 garder

195 1004 0 0 A
278 953 26 78 ce
336 953 71 78 que
445 938 33 94 on
516 938 77 94 fait
625 941 141 91 requis
818 942 45 91 eſt
901 941 154 92 garder

290 1057 166 103 Quant
480 1042 143 120 pheton
679 1048 84 117 ueit
795 1044 26 122 te
844 1044 102 124 fuſit
985 1044 52 125 feu
1085 1046 2 124 o

201 1159 218 90 Remply
457 1157 33 87 de
522 1159 108 80 dueil
669 1161 26 91 se
727 1163 102 86 print
861 1166 0 78 a
906 1168 160 86 deſpter

201 1232 113 82 Pria
360 1233 158 81 phebus
558 1237 51 77 ſon
649 1239 90 75 pere
768 1241 34 73 de
830 1243 244 71 permettre

201 1308 128 82 Que
363 1306 20 92 ſa
424 1304 176 94 chaleur
640 1308 61 91 ſur
735 1306 101 99 terre
870 1308 61 97 fiſt
958 1321 135 84 gecter

201 1379 153 79 Pour
386 1379 21 83 le
439 1379 121 90 franc
592 1392 119 80 cueur
750 1383 159 87 uenger
949 1382 28 91 et
1015 1383 205 96 conforter

204 1448 131 84 Qui
360 1445 183 91 laccorda
594 1448 169 92 Pheton
802 1453 72 89 lors
925 1452 169 94 uoulut
1127 1467 163 83 mettre

206 1532 116 76 Par
354 1521 149 81 maint
543 1519 163 95 uillage
745 1526 28 87 et
806 1529 28 89 en
887 1523 95 100 uille
1015 1526 270 96 champeſtre

208 1654 0 0 5
286 1593 230 93 lambeaux
561 1597 158 91 ardans
757 1602 73 88 par
868 1607 151 85 rayeur
1051 1601 34 97 du
1123 1604 118 94 ſoleil

219 1665 215 87 Quifo,
471 1667 271 86 vuimaldoib
772 1671 185 82 craindre
993 1690 25 64 le
1042 1692 75 62 par

230 1737 5 70 4

402 1664 26 72 it
462 1670 68 66 du¬

357 1734 6 79 e
398 1734 87 86 tẽps
526 1736 193 84 pendant
754 1740 157 79 Millan
958 1742 46 76 ſon
1057 1743 41 75 uo

210 1818 122 83 Soy
369 1818 274 90 retournant
673 1818 167 91 comme
870 1832 39 75 au
952 1834 173 81 meſtier
1155 1836 110 79 aprig

210 1890 133 85 Leon
382 1889 219 92 rongeant
633 1902 28 78 en
705 1891 88 94 euſt
832 1895 94 93 telle
963 1895 207 95 plaiſance

217 1957 130 90 Que
374 1955 95 105 feux
503 1970 38 89 de
569 1959 80 104 ioye
683 1975 30 83 en
747 1963 67 103 fiſt
848 1971 30 97 en
912 1964 53 102 ſes
1006 1971 195 102 pourprie

221 2032 361 138 Seſiouylſant
607 2041 122 128 auoir
764 2051 150 124 gaigne
948 2051 21 108 le
1004 2051 76 111 pris
