1686 2658
70 225 94 85 En
202 221 199 96 eſperant
440 225 28 88 le
500 223 106 98 tenir
638 232 28 84 en
704 229 252 93 ſouffrance

73 305 155 77 Sans
264 296 148 89 enuers
442 296 69 91 dieu
559 302 185 89 craindre
780 302 106 91 faire
915 303 168 93 forfaict

77 375 305 85 Leutrageux
423 379 150 85 tumde
614 382 31 87 en
692 384 24 85 la
757 385 25 84 fe

175 439 96 74 dinſi
297 438 161 79 poüons
495 440 109 80 aſſez
634 447 40 74 an

95 451 0 67 ¶

75 518 123 75 Que
232 519 264 85 aucuneffois
536 525 76 83 telz
646 527 188 84 deſirant
868 531 117 75 auoir

75 584 176 98 Choſe
284 588 68 93 qui
378 588 49 97 eſt
453 598 1 77 a
500 589 88 95 leur
614 592 190 100 prouffit
837 597 190 96 nuyſible

77 884 72 73 Il
181 881 79 81 neſt
291 881 1 82 a
330 879 72 89 dieu
447 881 66 90 rien
557 889 72 88 qui
654 883 66 95 ſoit
752 888 260 93 impoſſible

79 135 282 106 Taſchant
388 137 226 108 touſiours
654 144 111 103 faire
799 148 146 101 auditz
972 150 45 100 liz
1051 161 204 93 nuyſance

850 379 3 85 e
885 379 94 97 quil
1004 383 94 98 faict

77 662 93 77 Et
200 661 75 81 bien
310 662 192 86 fouuent
532 669 25 80 ce
599 674 69 78 que
697 674 38 80 on
783 671 149 88 appete
968 671 1 89 a
1023 675 112 89 ueoir

77 733 83 79 Ne
192 733 43 93 eſt
267 733 301 97 prouffitable
607 737 104 98 ainſi
736 740 70 89 que
838 744 30 97 on
906 744 125 97 peult
1063 748 159 93 ſcauoir

86 799 161 89 Tant
271 804 79 95 ſoit
375 809 29 93 on
444 810 409 102 preux,riche,fier,
872 827 29 76 ne
941 819 174 101 terrible

75 955 114 88 Aux
225 956 203 84 homnmes
464 960 222 92 ſilfortune
721 963 46 84 les
809 964 172 92 conduit

90 1025 83 75 On
210 1026 34 76 ne
275 1028 1 75 q
324 1029 225 83 touſiours

93 1085 2 71 C

272 1085 46 29 21

186 1088 31 74 Dr
260 1091 167 85 uoyons
460 1091 98 87 nous
597 1091 61 87 deu

798 1045 83 78 erri

768 1110 94 79 uince

75 1169 94 87 En
200 1165 88 88 leur
319 1167 108 95 ieune
458 1183 108 86 aage
597 1185 207 86 excellens
842 1188 2 83 ⁊
888 1189 194 84 puiſſans

73 1242 156 75 Auorr
261 1242 137 93 diſcord
441 1245 28 94 et
499 1260 106 77 pour
635 1252 158 92 autruy
830 1260 190 82 querelle

134 1313 36 86 ce
206 1311 68 90 filz
297 1319 34 78 de
368 1323 132 84 Mars
550 1321 107 91 uices
694 1329 333 93 acompliſſans

77 1389 295 99 Plebeyens,
384 1391 152 97 poures
575 1395 2 94 ⁊
616 1396 290 99 languiſſans

75 1456 284 100 Endurans
396 1465 146 96 malet
573 1479 114 84 perte
718 1479 81 83 tres
836 1479 160 82 cruelle

79 1535 213 76 Jamine
320 1539 101 77 tient
460 1541 73 80 une
566 1544 149 84 faulx,
737 1547 37 83 de
807 1548 184 91 laquelle

77 1600 173 98 Abolit
280 1604 140 99 bledz,
444 1610 2 88 ⁊
490 1612 114 91 mort
635 1617 35 89 de
694 1619 55 90 son
786 1622 107 92 fleau
937 1627 75 89 bat

81 1678 88 89 Ou
206 1678 89 109 paix
339 1676 26 110 ſe
394 1681 159 115 plainct
591 1685 151 113 guerre
779 1691 121 112 prend
936 1697 57 101 ſon
1038 1696 112 105 eſbai

432 1801 222 110 Pacteur

86 1880 255 109 ¶Memir
374 1900 101 89 nous
522 1896 115 100 fault
669 1908 31 89 et
726 1911 149 87 deuers
916 1908 65 91 dieu
1028 1909 94 91 prier

77 1970 381 98 Reueremment
484 1975 93 100 quil
601 1980 78 96 face
712 1984 92 94 paix
843 1984 99 100 crier

86 2047 221 132 Incitant
332 2053 99 137 roys
457 2051 165 141 chaſſer
658 2071 155 126 guerre
840 2059 155 131 felonur
