1612 2661
198 900 242 84 Appetoit
475 903 73 80 fort
577 905 61 78 luy
673 898 103 85 faire
811 895 212 88 preiudice

194 175 215 85 Nourrir
446 174 157 85 amour
634 162 111 95 entre
776 159 86 96 eulx
899 159 1 95 ⁊
945 159 163 95 publer

193 252 216 77 Guerre
448 254 27 75 et
513 246 152 91 debatz
696 244 198 93 deſſoubz
939 257 20 79 le
991 241 80 93 pied
1109 241 106 90 plier

195 321 205 89 Oſtant
426 319 193 87 flateurs
658 325 27 78 de
717 314 154 98 aupres
910 315 1 84 d
956 316 87 86 leur
1075 313 180 95 perſõne

195 391 412 99 Recongnoiſſant
641 390 68 95 que
743 390 74 90 dieu
878 389 175 87 uictoire
1087 401 129 80 donne

202 467 86 100 Et
323 469 129 95 gloire
487 463 107 104 auſſi
623 469 21 80 ce
687 470 36 83 ne
751 462 122 105 fault
901 463 204 92 oublier.

601 599 295 98 ¶Rondeau

204 758 0 0 ¶
308 683 139 96 Fainct
479 682 151 89 Pierre
669 681 106 95 print
813 680 34 96 le
879 679 145 90 glaiue
1056 678 34 95 de
1128 677 132 95 ſainct
1292 676 80 91 Pos

204 758 154 82 Dont
386 758 35 82 de
455 758 148 81 rechief
637 758 120 81 cuyda
802 758 183 81 coupper
1025 758 22 80 le
1082 758 51 80 col

199 898 0 0 A
286 834 125 87 jainct
448 833 181 91 Denys,
654 833 62 89 car
747 833 131 88 ſainct
928 832 150 89 Iacque
1115 832 25 79 en
1184 831 124 84 galies

208 975 90 92 De
326 971 56 95 ſon
423 969 195 102 bourdon
659 969 91 92 dont
777 969 21 95 il
833 968 56 100 fiſt
930 967 77 100 ung
1048 966 157 100 flaiol.

204 1118 255 89 ¶Sainct
496 1108 131 100 Marc
656 1110 30 99 le
707 1115 110 94 ſceut
846 1117 22 92 il
890 1115 58 95 luy
992 1110 190 101 deſpleut
1218 1108 29 103 du
1291 1106 58 106 dot

202 1195 97 80 Et
326 1195 38 79 de
397 1195 21 79 la
456 1195 184 79 fraulde
667 1196 108 77 afors
813 1196 97 76 dung
958 1196 92 75 gros
1094 1197 91 74 licol

204 1268 104 95 Lya
349 1263 311 100 Remmains,
674 1263 317 100 congnoiſſant
1026 1268 21 86 le
1081 1262 159 97 malice

592 1339 202 89 Fainct.

206 1401 260 102 ¶Sainct
500 1399 135 104 Andre
684 1401 84 98 uint
804 1416 21 85 en
874 1399 119 101 ſecret
1028 1397 29 100 de
1092 1408 98 87 plain
1254 1400 70 92 uol

206 1483 269 97 Cuydant
502 1483 179 86 trouuer
715 1489 124 93 ſainct
888 1487 165 86 Frãcois
1094 1485 131 95 laſche
1259 1484 0 91 ⁊
1301 1483 89 90 mol

208 1554 127 89 Qui
359 1554 120 88 deſira
516 1555 60 86 ſoy
624 1556 163 85 uenger
829 1557 103 83 dung
974 1557 54 82 tel
1070 1558 79 81 uice

215 1628 189 97 Sainct
444 1629 175 96 George
653 1625 0 95 y
693 1632 61 85 fut
788 1625 161 97 comme
996 1625 81 94 chef
1118 1631 27 80 de
1178 1626 142 93 iuſtice

213 1698 275 112 Apperceut
520 1698 73 110 bien
633 1699 73 97 que
738 1699 89 97 lung
867 1698 32 100 de
932 1701 80 117 eulx
1053 1704 113 114 eſtoit
1198 1701 57 117 fol

615 1771 114 93 Fain

843 1889 134 46 CV

575 1851 161 91 Raiſon
785 1853 209 87 paubev¬

488 1990 188 97 Menus
712 1988 152 100 propos
908 1983 29 106 de
973 1994 21 95 la
1038 1984 202 107 maniere
1269 1985 29 106 de

791 2137 22 0 et

523 2071 164 121 iuerner
722 2077 190 122 &ours
946 2076 35 118 de
