1604 2661
239 138 218 101 Subiect
485 136 23 101 se
550 135 96 102 rend
688 138 30 98 et
753 141 94 95 pert
876 141 94 94 tout
999 140 247 94 efranchiſe

237 229 149 88 Aſſez
415 222 199 93 ſouuent
649 223 199 102 chaſſeur
884 236 114 91 corne
1026 231 93 93 jans
1161 226 93 100 priſe

339 349 79 88 Qui
443 341 41 97 eſt
522 346 87 93 trop
647 343 76 98 aiſe
746 343 23 98 il
799 356 42 86 ne
871 352 23 91 si
923 349 122 95 peult
1075 360 3 85 t

237 443 99 87 On
383 436 238 93 lappercoit
654 446 0 82 ⁊
694 441 119 93 fault
840 439 73 91 bien
959 441 159 86 retenir

235 521 125 81 Que
395 521 69 78 qui
492 507 42 102 eſt
568 507 118 102 franc
714 518 1 91 ⁊
769 511 125 98 ueult
929 527 21 82 en
999 512 153 97 ſeruice
1186 513 91 96 eſtrs

239 592 96 79 De
366 590 54 81 ſon
468 585 175 86 uouloir
685 588 108 82 priue
823 589 18 81 ſe
890 588 126 82 ueult
1046 594 157 75 bannir

237 657 96 85 Du
378 661 19 81 il
436 656 51 86 eſt
513 657 83 85 nect
628 662 173 80 permet
833 664 26 78 ſe
904 658 122 95 ueoir
1058 661 160 87 honnir

239 735 244 87 Seruant
515 732 19 86 ſe
573 730 70 86 fait
682 745 25 69 ou
752 731 180 93 ſoulloit
958 733 96 87 eſtre
1086 731 173 86 maiſtre

239 811 132 82 Car
403 810 18 83 il
453 808 19 85 ſe
516 802 126 90 ueult
673 809 25 83 en
742 804 220 88 fubiection
1007 804 157 87 mettre

241 882 147 83 Pour
427 882 192 83 acquerir
658 882 102 88 grãt
792 882 115 90 tiltre
933 882 103 93 eſtre
1068 882 96 93 grãt
1215 882 115 90 ueull

244 949 193 92 Seruir
471 960 28 83 en
547 956 117 94 court
698 954 90 94 ſans
822 951 110 96 enurie
980 961 35 91 on
1049 956 41 92 ne
1118 954 155 90 peult.

317 1143 174 108 Celluy
529 1148 53 98 eſt
605 1149 62 106 fol
696 1157 1 94 ⁊
734 1158 108 99 plain
887 1150 259 109 doultrecuy

244 1236 126 98 Qui
404 1233 133 101 ueult
565 1235 125 99 ſaillir
725 1243 35 91 du
802 1238 132 96 haure
983 1237 279 97 daſſeurance

246 1324 146 76 Pour
421 1324 58 86 ſoy
514 1325 123 84 noyer
672 1326 0 79 ⁊
718 1327 181 84 plonger
928 1328 29 75 en
1004 1329 23 75 la
1062 1329 88 79 mer

248 1385 284 92 Ennuyeux
580 1385 41 94 eſt
648 1387 149 89 dauoir
830 1398 28 87 sa
891 1389 231 96 ſuffiſance

252 1457 295 99 Delaiſſant
589 1456 84 100 paix
715 1474 0 80 ⁊
758 1461 91 92 met
877 1467 28 85 en
947 1459 239 92 oubliance

246 1537 195 88 Infinis
485 1534 107 92 biens
630 1541 101 85 quon
769 1539 81 84 doit
882 1537 94 84 delle
1008 1534 170 84 eſtimer

246 1669 0 0 O
354 1614 193 80 curiaulx
589 1614 217 83 lhonneur
854 1614 157 86 uoulez
1041 1614 157 83 humer

252 1676 126 91 Qui
416 1676 100 91 uous
554 1676 226 92 deſrompt
824 1677 145 91 uoſtre
1007 1687 125 82 poure
1164 1681 170 88 ceruean

252 1759 150 130 Ainſi
426 1760 97 129 quon
566 1761 45 127 dit
645 1762 36 122 de
706 1763 202 127 nouuean
951 1766 89 125 tout
1074 1767 44 126 eſt
1152 1768 89 122 beau

306 1896 327 99 Incontinent
665 1878 68 117 que
772 1882 33 109 es
846 1885 122 101 cour¬

277 1976 185 91 Lentree
496 1973 103 98 aſſez
633 1976 89 99 amy

358 2047 29 99 es

501 2056 116 99 oſant
