2592 3508
763 301 0 81 9

965 311 231 71 EPISTREA
1238 310 40 70 M.
1315 310 30 69 DE
1392 309 181 69 LANGEI.

746 427 46 46 vn
830 418 164 55 demi-dieu
1032 409 143 62 habitant
1205 409 17 61 en
1259 408 38 62 ces
1327 408 71 62 lieux
1436 407 181 62 terrestres,
1642 407 22 61 et
1693 406 97 62 estin¬

769 470 113 62 cellant
912 469 25 62 de
971 469 59 62 tous
1059 469 97 61 costez
1189 469 42 60 par
1265 468 46 61 vne
1345 468 126 61 lumiere
1504 468 25 60 de
1567 467 97 60 vertus
1693 467 13 60 à
1727 467 42 59 toy

773 534 57 65 seul
861 533 159 65 octroyées
1051 532 49 64 par
1131 531 238 65 l’Omnipotent
1396 531 0 62 :
1427 530 211 63 Omnipotent
1674 529 106 62 enuers

771 599 37 64 toy
839 597 151 65 prodigue
1021 596 28 64 de
1080 596 37 63 ses
1148 594 123 64 graces,
1302 594 15 63 si
1347 593 106 63 iamais
1488 592 15 62 il
1538 592 19 62 en
1606 590 137 63 eslargist
1774 590 10 61 à

770 656 115 66 aucune
920 655 97 66 sienne
1053 654 159 65 creature.
1238 654 31 64 Et
1296 654 48 63 qui
1371 653 35 64 est
1437 653 75 63 celuy
1552 652 49 63 qui
1627 651 124 63 puisse,
1777 651 9 62 à

772 719 58 61 mon
867 718 79 61 dict,
975 718 174 61 contredire
1182 718 38 60 s’il
1249 718 0 59 a
1282 717 244 60 congnoissance
1560 717 24 58 de
1613 716 38 59 tes
1676 716 107 59 faicts?

751 777 79 64 Nul
866 777 26 63 ne
927 776 115 64 doubte
1077 776 27 63 de
1139 776 17 63 la
1192 775 97 64 bonté
1315 775 27 63 de
1377 775 18 63 ta
1434 775 124 63 nature.
1584 774 137 63 Chascun
1760 774 18 62 se

775 843 60 60 sent
871 843 24 59 de
939 843 16 58 ta
995 841 228 60 munificence.
1259 840 105 59 Toutes
1400 840 124 57 nations
1560 838 152 58 estranges
1748 838 32 56 ne

754 904 182 65 preferent
966 902 88 65 aucun
1092 902 14 63 à
1131 901 40 64 toy
1209 899 153 64 touchant
1391 898 66 63 l’art
1487 896 144 63 militaire
1665 895 22 62 et
1717 894 76 62 con¬

757 963 97 63 duite
883 963 25 62 de
942 962 126 62 guerre.
1089 961 105 62 Quant
1220 961 12 61 à
1253 961 17 61 la
1300 960 151 61 politique
1485 960 17 60 et
1527 958 256 61 gouuernement

780 1028 157 62 equitable
970 1027 58 61 d’vn
1066 1027 87 60 païs,
1182 1026 12 60 le
1232 1025 170 61 Piedmont
1431 1025 21 59 en
1497 1024 133 60 donnera
1667 1023 129 59 tesmoi¬

769 1089 129 73 gnage:
922 1088 20 72 en
986 1087 130 71 laquelle
1159 1085 145 69 prouince
1342 1085 16 65 tu
1402 1084 26 65 es
1461 1084 11 63 à
1501 1082 125 65 present
1654 1081 142 62 gouuer¬

775 1148 70 65 neur
885 1148 92 65 soubz
1017 1148 158 65 l’autorité
1210 1148 27 65 du
1281 1148 88 65 Roy,
1404 1148 48 65 qui
1488 1148 26 65 t’a
1558 1148 66 65 esleu
1668 1148 13 65 à
1708 1148 70 65 ceste

781 1212 136 62 charge,
954 1211 112 61 comme
1116 1210 148 61 personne
1310 1209 99 60 idoine
1459 1209 8 59 à
1504 1208 75 60 touts
1624 1207 87 59 faictz
1757 1207 24 58 de

760 1273 105 62 grand
907 1272 113 62 conseil
1050 1272 21 61 et
1105 1271 172 61 prudence.
1302 1270 71 61 Croy
1411 1269 160 61 (seigneur
1605 1269 16 59 le
1655 1268 130 60 premier

760 1333 69 64 des
860 1332 169 64 humains)
1059 1332 53 63 que
1142 1332 17 63 ie
1194 1332 56 62 suis
1281 1331 143 63 l’homme
1459 1331 13 62 le
1507 1331 99 62 moins
1632 1330 161 62 admirant

760 1397 60 58 Ies
848 1396 140 58 hommes
1016 1395 60 58 sans
1104 1394 120 58 raison,
1252 1394 20 57 et
1301 1393 84 58 cause
1417 1392 212 58 vehemente:
1653 1391 72 57 mais
1753 1391 36 56 tes

766 1455 123 65 vertus
920 1454 18 65 et
969 1454 194 65 perfections
1193 1453 124 65 infinies
1348 1453 97 64 m’ont
1475 1453 67 63 rauy
1577 1452 123 63 iusques
1731 1452 13 62 à
1771 1452 13 62 la

766 1517 69 64 que
874 1517 40 63 sur
953 1516 60 64 tous
1048 1516 13 63 ie
1100 1516 143 63 t’adore:
1274 1515 21 63 et
1326 1515 73 63 ceste
1434 1515 174 62 affection,
1634 1514 17 62 la
1690 1514 109 62 poste¬

790 1578 52 61 rité
869 1577 163 62 l’ignorera
1063 1577 18 61 si
1107 1577 53 61 mes
1196 1576 128 62 oeuures
1350 1576 146 62 meritent
1527 1575 211 63 immortalité
1765 1575 26 62 de

789 1637 89 64 nom.
907 1635 35 65 Icy
986 1630 74 70 feray
1104 1628 20 71 fin
1178 1629 25 70 de
1238 1629 59 69 mon
1341 1630 133 68 epistre,
1499 1631 20 66 te
1553 1632 104 64 priant
1687 1633 29 63 de
1751 1634 51 61 re¬

792 1706 65 62 chef
892 1705 78 62 auoir
1006 1705 23 62 ce
1060 1704 69 62 mien
1169 1703 70 63 liure
1274 1702 74 63 pour
1383 1700 178 64 aggreable.
1587 1699 38 64 De
1656 1699 73 64 Lyon
1769 1698 19 64 ce

775 1767 138 60 dernier
946 1766 64 61 iour
1043 1766 23 61 de
1103 1765 55 62 may
1195 1765 46 62 mil
1274 1764 55 63 cinq
1366 1763 83 64 cents
1477 1762 172 65 quarante.
