2592 3508
769 324 36 88 10

1138 339 43 65 AV
1242 339 138 70 PEVPLE

982 438 46 61 La
1064 432 278 67 Pronunciation,

980 488 184 76 L’Origine
1197 489 168 75 d’aucunes
1392 490 167 74 Dictions,

980 556 51 65 La
1066 546 140 75 Maniere
1241 547 27 72 de
1303 548 57 70 bien
1406 549 134 67 traduire
1575 551 83 63 d'vne

1038 608 120 75 langue
1194 609 19 75 en
1254 609 123 77 aultre,

982 678 106 66 L’Art
1121 679 172 69 Oratoire,

988 733 104 76 L'Art
1123 736 175 73 Poetique.

807 844 95 82 Mais
929 862 73 64 pour
1035 862 17 64 ce
1091 855 50 71 que
1174 844 17 82 le
1224 844 61 82 dict
1318 862 123 64 OEuure
1480 853 33 73 est
1546 844 23 82 de
1602 862 89 64 grand
1724 862 66 64 im¬

757 927 195 68 portance,
983 927 24 65 et
1037 926 74 65 qu’il
1142 926 1 64 y
1182 924 101 65 eschet
1314 924 24 63 vn
1378 923 87 63 grand
1500 921 133 63 labeur,
1659 920 119 61 scauoir

779 988 21 61 et
829 987 144 62 extresme
1015 987 186 60 iugement,
1234 986 46 60 i'en
1329 986 162 60 differeray
1532 986 17 58 la
1582 985 186 59 publication

760 1043 108 70 (pour
903 1043 27 69 ne
960 1043 16 69 le
1006 1043 197 69 precipiter)
1228 1043 125 67 iusques
1383 1043 11 66 à
1424 1043 73 66 deux
1542 1043 22 65 ou
1609 1043 79 65 troys
1728 1043 65 64 ans.

754 1107 48 65 Ce
833 1107 141 65 pendant
1000 1107 14 65 tu
1049 1107 149 65 t’ayderas
1229 1107 44 65 des
1300 1107 202 65 instructions
1529 1107 48 65 qui
1603 1107 66 65 sont
1696 1107 17 65 en
1753 1107 22 65 ce

754 1166 143 70 present
922 1165 94 71 liure.
1041 1165 138 71 Lequel,
1204 1165 15 71 si
1248 1165 15 71 ie
1293 1164 148 72 congnois
1471 1164 94 72 t’estre
1599 1163 197 73 aggreable,

773 1230 13 65 ie
822 1230 79 65 seray
936 1230 62 65 plus
1029 1230 88 65 enclin
1157 1230 13 65 à
1197 1230 13 65 te
1250 1230 57 65 bien
1347 1230 101 65 polir,
1470 1230 22 65 et
1519 1230 132 65 parfaire
1687 1230 13 65 le
1735 1230 27 65 de

771 1295 144 61 meurant
949 1295 29 61 de
1015 1295 58 61 mon
1122 1295 216 61 entreprinse.
1367 1295 144 61 Combien
1561 1295 46 61 que
1648 1295 50 61 i’en
1739 1295 57 61 at¬

774 1353 83 64 tends
892 1353 61 64 plus
992 1353 56 64 tost
1079 1353 243 64 contentement
1357 1353 26 64 de
1422 1353 13 64 la
1474 1353 152 64 posterité
1661 1353 48 64 que
1748 1353 26 64 du

776 1414 84 65 siecle
895 1414 150 65 present;
1076 1414 40 65 car
1156 1414 13 65 le
1209 1414 83 65 cours
1328 1414 48 65 des
1412 1414 101 65 choses
1548 1414 164 65 humaines
1747 1414 35 65 est

781 1476 52 61 tel,
866 1475 47 62 que
951 1475 19 63 la
1013 1474 76 64 vertu
1136 1474 29 64 du
1207 1473 105 66 viuant
1350 1472 38 67 est
1421 1471 161 68 tousiours
1620 1470 104 70 enuiée
1762 1470 24 70 et

754 1534 176 65 deprimée
970 1534 44 65 par
1049 1534 215 65 detracteurs,
1291 1534 48 65 qui
1370 1534 18 65 se
1427 1534 132 65 pensent
1590 1534 185 65 aduantager

779 1596 23 64 en
847 1595 206 65 reputation,
1089 1595 49 64 s’ils
1178 1594 189 65 mesprisent
1398 1594 36 64 les
1474 1594 121 64 labeurs
1631 1593 162 64 d’autruy.

760 1651 100 65 Mais
886 1652 143 65 l’homme
1059 1653 27 64 de
1116 1653 117 65 scauoir
1268 1654 17 64 et
1316 1654 26 64 de
1376 1655 48 64 bon
1463 1655 156 65 iugement
1645 1656 26 64 ne
1702 1656 87 65 doibt

780 1721 143 62 regarder
957 1721 8 62 à
991 1721 50 62 telz
1071 1721 164 62 resueurs,
1265 1721 21 62 et
1315 1721 63 62 plus
1408 1721 51 62 tost
1488 1721 46 62 s’en
1572 1721 148 62 mocquer
1749 1721 26 62 du

781 1783 77 67 tout.
899 1783 82 67 Ainsi
1022 1783 132 67 faisant,
1190 1783 18 67 ie
1249 1783 204 67 poursuiuray
1499 1783 63 67 mon
1612 1783 114 67 effort,
1762 1783 23 67 et
