2592 3508
1088 348 254 69 FRANCOYS.

1673 397 0 0 I

721 455 159 56 attendray
916 444 132 64 legitime
1084 440 39 65 los
1155 436 24 68 de
1220 435 15 68 la
1271 435 156 68 posterité
1449 435 1 65 :
1482 435 48 65 non
1575 438 146 60 d’aucuns

710 508 135 62 viuantz
878 507 47 62 par
954 507 55 62 trop
1051 507 97 61 pleins
1181 506 223 61 d’ingratitude
1438 506 21 60 et
1489 505 138 60 mauuais
1657 505 80 59 vou¬

702 571 93 66 loir.
821 570 150 66 Contente
1011 569 36 64 toy
1086 568 71 65 pour
1188 568 75 63 ceste
1298 567 93 63 heure
1426 566 36 63 (ô
1488 565 111 63 peuple
1638 564 99 62 Fran¬

726 631 91 64 coys)
843 631 26 63 de
904 630 22 64 ce
961 630 73 64 petit
1060 630 109 63 oeuure
1204 630 0 62 :
1225 629 22 63 et
1273 629 87 63 prens
1391 629 69 62 pour
1490 628 96 62 pleige
1616 628 118 62 l’affec¬

727 692 49 65 tion
815 692 49 64 que
903 691 14 65 ie
956 691 80 65 porte
1071 691 13 64 à
1111 691 39 64 ma
1186 690 202 64 renommée,
1419 690 49 63 que
1503 689 115 63 dedans
1648 689 89 63 quel¬

707 757 69 64 que
811 756 96 64 temps
941 756 13 64 ie
993 756 13 63 te
1046 756 125 63 rendray
1210 755 131 63 parfaict
1375 755 135 62 l’oeuure
1549 754 188 62 dessusdict.

705 818 51 66 Et
782 817 20 67 si
824 817 130 67 aulcuns
981 816 19 66 se
1032 815 157 67 delectent
1216 815 20 65 en
1271 814 34 65 tel
1336 814 130 64 labeur,
1488 813 57 64 cela
1576 812 75 64 n’est
1677 812 52 63 que

705 879 97 65 bon.
833 879 62 64 Que
939 878 97 64 pleust
1071 878 13 63 à
1120 878 101 62 Dieu,
1252 878 53 61 que
1340 878 71 60 pour
1450 878 23 60 vn
1512 877 13 60 il
1565 877 0 60 y
1609 877 22 59 en
1671 877 62 59 eust

723 941 113 64 mille:
867 941 39 64 car
945 941 48 64 par
1032 941 48 64 telz
1119 941 104 64 efforts
1254 941 17 64 le
1302 941 61 64 plus
1393 941 130 64 parfaict
1554 941 52 64 sera
1641 941 99 64 cong¬

728 1004 76 63 neu,
837 1004 25 62 et
900 1004 21 61 en
972 1002 176 63 demeurera
1190 1002 13 61 la
1249 1001 88 61 gloire
1384 1001 21 60 au
1451 1000 59 61 bien
1560 999 168 61 entendant

707 1061 39 64 la
776 1060 109 65 langue
915 1060 105 64 Latine
1054 1060 18 63 et
1102 1059 191 64 Francoyse.
1319 1059 70 62 Pour
1423 1059 18 62 le
1471 1058 122 63 moins,
1610 1058 26 62 de
1666 1058 57 61 mon

730 1119 106 67 costé,
859 1119 18 66 ie
909 1119 157 66 tascheray
1103 1119 27 65 de
1163 1119 69 65 faire
1268 1119 60 64 mon
1365 1119 129 64 debuoir
1531 1119 18 63 en
1591 1119 13 63 si
1637 1119 87 63 noble

732 1183 22 65 et
776 1182 119 65 louable
930 1182 75 64 passe
1036 1181 114 64 temps.
1172 1180 71 64 Vray
1278 1180 35 63 est
1340 1180 48 63 que
1419 1179 17 63 si
1458 1179 110 62 i'estois
1599 1178 124 62 enuieux

710 1245 48 64 du
797 1244 56 64 bien
892 1243 165 64 d’autruy,
1091 1243 18 63 ie
1148 1242 34 63 me
1221 1241 195 64 deporterois
1455 1241 26 62 de
1520 1240 22 62 ce
1581 1240 69 61 mien
1694 1239 52 61 la¬

716 1303 115 68 beur:
854 1302 74 68 pour
956 1302 23 67 ce
1011 1302 46 66 que
1090 1302 50 66 i’ay
1173 1301 129 66 congneu
1343 1301 60 65 telle
1431 1300 189 65 ingratitude
1652 1300 79 63 entre

710 1368 58 61 les
800 1367 138 62 hommes
970 1366 26 62 de
1032 1366 58 62 mon
1131 1365 121 63 temps,
1283 1364 49 63 que
1368 1364 63 63 ceux
1467 1363 49 64 qui
1543 1363 49 64 ont
1623 1363 18 63 le
1677 1362 58 64 plus

716 1427 171 71 prouffité
909 1427 39 68 sur
990 1426 58 68 mes
1085 1425 129 67 oeuures
1241 1424 67 65 sont
1345 1423 34 64 les
1412 1422 147 63 premiers
1596 1421 53 61 qui
1682 1420 64 60 tas¬

738 1489 89 63 chent
856 1489 25 61 de
924 1487 151 63 deprimer
1113 1486 59 61 mon
1214 1485 84 61 renom
1349 1485 0 60 :
1374 1484 72 60 mais
1475 1484 68 59 pour
1576 1483 59 59 leur
1665 1482 81 59 mes¬

738 1548 104 65 chante
881 1547 134 65 nature,
1037 1547 17 63 ie
1093 1547 26 63 ne
1158 1546 139 63 laisseray
1336 1545 26 63 de
1397 1544 151 63 produyre
1587 1544 48 61 par
1670 1543 79 62 oeu¬

738 1609 65 66 ures
830 1609 20 65 le
885 1608 47 66 don
973 1607 28 66 de
1037 1606 84 66 grace
1157 1606 47 65 que
1249 1605 15 65 le
1304 1604 149 66 Createur
1493 1603 47 65 m'a
1576 1602 70 65 faict
1677 1601 61 66 tant

742 1675 21 61 en
806 1674 17 61 la
866 1672 244 63 congnoissance
1148 1671 26 61 de
1217 1670 13 62 la
1273 1669 102 62 langue
1414 1668 103 62 Latine
1551 1667 47 62 que
1636 1667 26 61 de
1696 1666 39 61 ma

744 1732 177 62 maternelle
955 1732 190 61 Francoyse.
1174 1732 30 60 Et
1233 1731 17 61 ce
1284 1731 63 60 tout
1372 1731 13 60 à
1406 1730 169 61 l’honneur
1604 1730 21 60 et
1651 1730 84 59 gloire

722 1784 48 75 de
808 1785 43 74 luy
893 1787 65 71 (luy
995 1789 59 69 seul
1086 1791 129 67 autheur
1252 1780 27 77 de
1316 1782 59 75 tout
1407 1785 97 72 bien)
1536 1789 21 68 et
1584 1827 155 29 u'r'runce
