2592 3508
734 334 58 79 12

968 353 50 67 AV
1078 353 141 67 PEVPLE
1274 353 241 67 FRANCOYS.

722 458 53 50 de
816 454 12 53 la
877 447 81 60 chose
1003 446 171 60 publique,
1206 445 127 60 laquelle
1373 445 16 59 ie
1430 445 118 59 prefere
1589 444 45 59 aux
1683 444 81 58 mal¬

722 502 97 63 dicts
852 503 30 62 de
911 503 63 62 tous
1004 504 54 62 mes
1092 504 126 63 enuieux
1256 505 21 62 et
1307 505 218 64 detracteurs,
1555 507 46 62 qui
1630 507 13 62 à
1668 507 13 63 la
1715 508 25 62 fin

746 572 17 62 se
805 572 190 62 trouueront
1033 572 134 62 trompez
1210 572 21 62 en
1277 572 88 62 moy,
1403 572 43 62 car
1488 572 54 62 leur
1589 572 160 62 meschant

725 631 141 61 langage
911 631 25 60 ne
982 631 37 60 me
1060 631 58 59 sert
1155 631 50 59 que
1251 631 53 58 d’vn
1362 631 137 57 esguillon
1544 631 13 56 à
1586 631 12 56 la
1640 631 74 56 vertu
1756 631 0 55 :

743 695 63 62 tout
835 695 21 62 au
898 695 131 62 rebours
1058 695 29 62 de
1121 695 21 62 ce
1176 695 84 62 qu’ilz
1293 695 206 62 vouldroient
1529 695 25 62 de
1587 695 63 62 moy
1684 695 83 62 pro¬

744 754 104 64 ceder.
878 754 74 64 Mais
995 754 18 64 ie
1052 754 91 64 scay,
1182 754 113 64 comme
1330 754 17 64 il
1382 754 73 64 fault
1495 754 134 64 tromper
1668 754 83 64 telles

722 812 118 60 bestes
878 812 181 61 chaussées,
1093 813 21 60 et
1148 813 21 61 en
1206 813 64 61 telle
1303 814 160 61 prudence
1497 814 202 63 consumeray
1733 815 17 62 le

722 879 211 62 demeurant
962 879 25 62 de
1025 879 38 62 ma
1101 879 67 62 vie,
1206 879 139 62 taschant
1383 879 156 62 tousiours
1573 879 29 62 de
1644 879 117 62 perpe¬

746 941 58 61 tuer
833 941 62 61 mon
932 941 50 61 nom
1032 941 45 61 par
1106 941 129 61 oeuures
1264 941 298 61 recommandables
1599 941 9 61 à
1637 941 16 61 la
1690 941 74 61 pos¬

745 1002 92 62 terité
863 1002 21 62 et
913 1002 63 62 aage
1010 1002 114 62 futur:
1149 1002 101 62 lequel
1275 1002 21 62 se
1330 1002 147 62 trouuant
1507 1002 93 62 vuyde
1633 1002 114 62 d’enuie

745 1064 19 58 en
812 1064 59 58 mon
922 1064 162 58 endroict,
1119 1064 24 58 et
1178 1064 87 58 muni
1305 1064 23 58 de
1376 1064 47 58 bon
1474 1064 146 58 vouloir,
1660 1064 23 58 ne
1727 1064 19 58 se

742 1122 170 60 monstrera
960 1122 117 61 ingrat;
1116 1122 91 61 mais,
1242 1122 48 62 par
1333 1122 53 62 une
1429 1122 104 63 equité
1568 1122 22 63 et
1629 1122 138 64 raison,

725 1181 117 64 louera
881 1181 22 64 ce
938 1181 48 64 qui
1021 1181 34 64 est
1086 1181 26 64 de
1147 1181 104 64 louer.
1277 1181 82 64 Ceste
1394 1181 165 64 esperance
1590 1181 48 64 m’a
1677 1181 90 64 tous¬

747 1239 78 62 iours
859 1240 91 61 esmeu
987 1241 8 61 à
1024 1241 133 62 escrire,
1186 1242 20 61 et
1239 1242 104 62 donné
1372 1243 87 61 cueur
1492 1243 25 62 de
1554 1244 132 62 prendre
1719 1245 34 61 les

728 1295 143 65 labeurs
902 1296 47 64 que
984 1297 48 64 i'ay
1071 1298 121 64 iusques
1227 1299 35 63 icy
1301 1299 82 64 prins
1418 1300 22 63 en
1479 1301 17 62 la
1535 1301 130 63 vacation
1709 1303 52 62 lit¬

745 1365 130 64 teraire.
897 1365 74 64 Car,
997 1365 17 64 au
1053 1365 160 64 iugement
1239 1365 48 64 des
1317 1365 143 64 viuants,
1482 1365 17 64 il
1525 1365 0 64 y
1564 1365 0 64 a
1599 1365 61 64 bien
1699 1365 43 64 peu

728 1426 164 61 d’equité
913 1425 21 61 et
972 1425 113 61 racueil
1119 1425 72 60 pour
1228 1424 34 61 les
1300 1424 122 60 doctes.
1456 1424 113 59 Adieu,
1599 1423 105 60 peuple
1737 1423 13 59 le

725 1487 83 68 plus
845 1487 203 67 triumphant
1085 1487 28 65 du
1159 1487 134 64 monde,
1325 1487 55 63 soit
1417 1487 23 62 en
1491 1487 111 61 vertu,
1630 1487 55 60 soit
1722 1487 18 59 en

734 1546 198 73 puissance.
956 1546 0 71 A
1001 1546 104 71 Lyon,
1139 1546 20 69 ce
1199 1546 123 69 dernier
1357 1546 64 68 iour
1456 1546 24 67 de
1510 1546 94 66 may,
1629 1546 49 65 l’an
1723 1546 29 64 de

734 1609 97 68 grace
868 1609 51 67 mil
951 1609 55 66 cinq
1048 1608 83 66 cents
1163 1607 173 66 quarante.
