2592 3508
1097 637 0 0 A
1153 578 189 81 MANIERE

930 745 0 0 E
1022 684 115 74 BIEN

1009 792 52 61 VNE
1106 792 118 61 LANOVE
1270 792 25 61 EN
1341 792 94 61 AVTRE

1456 672 0 93 R

921 1125 0 0 A
985 1058 138 91 maniere
1161 1070 20 73 de
1213 1056 59 86 bien
1317 1055 137 84 traduire
1498 1058 79 82 d'vne
1615 1065 105 80 langue

947 1140 20 70 en
1013 1139 112 71 autre,
1156 1139 137 71 requiert
1338 1137 280 73 principallement
1659 1137 61 73 cinq

942 1202 124 68 choses.
1101 1201 28 66 En
1174 1200 132 66 premier
1341 1198 83 65 lieu,
1455 1198 14 64 il
1509 1197 74 64 fault
1618 1196 51 63 que
1704 1195 15 62 le

725 1266 178 64 traducteur
940 1264 127 63 entende
1104 1261 249 63 parfaictement
1386 1260 17 60 le
1436 1259 64 60 sens
1541 1259 22 59 et
1596 1257 131 60 matiere

705 1327 50 60 de
787 1325 154 62 lautheur
977 1324 72 61 quil
1081 1322 154 62 traduict;
1263 1322 43 60 car
1342 1321 47 60 par
1421 1320 71 60 ceste
1528 1318 196 60 intelligence

730 1385 13 62 il
772 1385 30 62 ne
831 1384 59 62 sera
923 1384 106 62 iamais
1062 1384 105 61 obscur
1205 1383 17 61 en
1264 1383 17 61 sa
1323 1383 168 60 traduction
1529 1383 4 59 :
1562 1382 21 60 et
1617 1382 12 60 si
1659 1382 84 59 lau

728 1448 87 63 theur
849 1446 101 63 lequel
979 1446 19 62 il
1023 1444 139 63 traduict
1200 1443 36 62 est
1270 1441 209 63 aucunement
1508 1439 179 63 scabreux,
1717 1438 14 61 il

707 1511 38 61 le
778 1509 110 62 pourra
921 1508 106 62 rendre
1064 1507 86 61 facile
1191 1507 22 60 et
1245 1506 27 60 du
1313 1505 64 61 tout
1414 1503 203 61 intelligible.
1646 1503 30 59 Et
1701 1502 30 59 de

733 1566 23 65 ce
784 1566 18 65 ie
834 1566 19 64 te
889 1565 56 65 vois
977 1565 101 64 bailler
1110 1564 138 65 exemple
1276 1564 267 64 familierement.
1566 1563 120 63 Dedans
1709 1563 18 62 le

722 1633 142 70 premier
898 1632 71 68 liure
1001 1631 49 67 des
1077 1629 162 68 questions
1267 1628 186 65 Tusculanes
1485 1627 25 61 de
1542 1625 153 62 Ciceron,
1723 1625 10 58 il

804 1692 37 59 vn
887 1692 37 59 tel
952 1691 120 61 passage
1113 1691 60 61 latin
1215 1691 0 61 :
1252 1691 0 61 t
1289 1690 124 63 Animum
1469 1690 78 63 autem
1607 1689 111 65 animam

719 1745 22 64 n
776 1745 66 65 etiam
895 1746 53 64 fere
983 1747 92 64 nostri
1106 1747 159 65 declarant
1291 1748 158 65 nominari
1480 1749 0 64 :
1507 1750 44 64 nam
1603 1750 22 64 et
1652 1750 79 65 agere
