2592 3508
734 333 49 79 14

1099 339 41 67 LA
1200 339 169 67 MANIERE

725 453 0 26 „
781 441 158 57 animam,
968 438 22 58 et
1023 431 100 64 efflare
1160 429 125 64 dicimus
1323 429 1 62 :
1353 428 22 62 et
1408 425 176 65 animosos,
1622 424 22 63 et
1673 423 70 63 bene

728 540 0 0 „
781 494 150 66 animatos
961 494 0 64 :
988 494 22 64 et
1036 493 22 64 ex
1093 492 93 65 animi
1217 491 167 64 sententia.
1410 490 58 63 Ipse
1498 489 84 63 autem
1631 488 114 63 animus

728 558 0 61 „
778 558 20 61 ab
840 558 95 61 anima
968 558 96 61 dictus
1093 558 54 61 est.
1163 558 0 61 n

778 614 210 63 Traduisant
1033 613 60 62 cest
1138 612 111 62 oeuure
1294 612 30 60 de
1374 610 156 61 Ciceron,
1571 609 48 59 i'ay
1668 608 89 59 parlé

747 676 113 69 comme
892 676 15 67 il
934 674 155 69 s’ensuyt.
1116 673 1 67 «
1149 672 103 68 Quant
1284 671 10 67 à
1321 671 15 67 la
1377 668 169 69 difference
1578 668 43 67 (dy
1657 667 34 67 ie)
1723 666 24 67 de

748 741 43 62 ces
828 739 131 63 dictions
1000 737 119 62 animus
1156 737 22 60 et
1214 735 127 61 anima,
1378 734 14 60 il
1429 733 30 61 ne
1496 733 26 60 s’y
1563 731 73 61 fault
1668 730 85 60 point

749 802 164 66 arrester:
939 801 41 65 car
1018 800 37 65 les
1089 799 103 65 facons
1230 799 28 63 de
1301 798 98 63 parler
1433 796 147 64 Latines,
1614 796 50 62 qui
1690 795 62 62 sont

728 866 181 62 deduictes
937 865 26 61 de
996 864 43 61 ces
1067 863 73 61 deux
1172 862 94 61 mots,
1294 861 73 60 nous
1395 859 144 61 donnent
1563 858 14 60 à
1601 856 144 61 entendre

737 922 105 70 qu’ilz
871 917 156 74 signifient
1056 917 126 71 presque
1216 917 51 68 vne
1296 917 111 67 mesme
1441 917 106 64 chose.
1571 917 31 62 Et
1631 917 36 61 est
1696 917 68 60 cer¬

753 992 51 63 tain
846 991 51 62 que
930 989 119 63 animus
1078 988 38 61 est
1145 987 56 61 dict
1229 986 27 60 de
1293 984 123 61 anima,
1444 983 22 60 et
1499 982 52 60 que
1588 980 93 60 anima
1723 979 34 59 est

731 1049 157 63 l'organe
933 1048 24 62 de
1007 1045 149 64 animus,
1192 1042 116 65 comme
1353 1041 15 64 si
1409 1040 19 64 tu
1473 1037 117 66 voulois
1630 1035 61 66 dire
1732 1034 19 65 la

734 1111 128 60 vertu,
886 1111 22 59 et
936 1108 191 61 instrumens
1155 1106 108 60 vitaulx
1295 1104 68 60 estre
1395 1102 112 60 origine
1539 1102 26 58 de
1593 1099 162 61 l’esperit:

753 1174 21 59 et
801 1172 105 60 icelluy
945 1170 109 60 esperit
1085 1169 73 58 estre
1197 1168 21 57 vn
1261 1166 89 58 effect
1385 1165 25 57 de
1449 1163 109 58 ladicte
1597 1161 73 58 vertu
1717 1160 50 57 vi¬

756 1234 66 65 tale.
852 1233 35 64 Dy
926 1231 83 65 moy,
1034 1230 40 63 toy
1112 1229 49 62 qui
1195 1226 127 64 entends
1356 1224 109 62 Latin,
1495 1222 88 61 estoit
1616 1221 14 59 il
1660 1219 101 60 possi¬

734 1299 63 62 ble
826 1298 26 62 de
889 1296 60 62 bien
990 1294 135 62 traduire
1162 1293 22 59 ce
1221 1290 119 61 passage
1381 1288 64 59 sans
1482 1287 47 58 vne
1570 1284 110 59 grande
1713 1284 56 55 in¬

755 1354 160 66 telligence
954 1353 27 64 de
1016 1351 155 65 Ciceron?
1214 1350 32 63 Or
1285 1348 103 65 saiche
1431 1346 138 65 donques
1612 1345 72 63 qu’il
1722 1344 37 63 est

734 1418 143 63 besoing
926 1416 22 62 et
989 1413 169 64 necessaire
1199 1412 14 61 à
1246 1410 64 62 tout
1351 1407 177 62 traducteur
1569 1403 182 62 d'entendre

740 1477 263 77 parfaictement
1027 1477 20 70 le
1076 1475 61 70 sens
1165 1474 31 69 de
1225 1470 189 71 l’autheur,
1438 1468 70 67 qu’il
1537 1466 105 66 tourne
1671 1464 85 64 d’ve

734 1544 124 59 langue
897 1543 21 58 en
957 1540 102 60 autre.
1098 1539 33 58 Et
1166 1537 65 59 sans
1270 1535 81 59 cela,
1390 1534 13 57 il
1442 1533 25 57 ne
1510 1531 74 58 peut
1619 1528 133 59 traduire

756 1601 182 68 seurement
965 1600 24 65 et
1016 1596 206 68 fidelement.

784 1665 56 58 La
875 1663 130 59 seconde
1048 1661 85 58 chose
1172 1659 45 58 qui
1252 1658 34 58 est
1325 1656 117 59 requise
1485 1655 21 57 en
1553 1652 219 59 traduction,

763 1726 67 66 c'est
855 1725 50 65 que
939 1724 14 64 le
987 1721 177 66 traducteur
1199 1720 36 63 ait
1265 1718 146 63 parfaicte
1445 1714 248 64 congnoissance
1723 1713 27 59 de

743 1785 37 67 la
812 1783 104 69 langue
953 1782 29 67 de
1014 1778 155 70 l’autheur
1206 1777 66 68 qu’il
1304 1773 151 70 traduict:
1486 1773 20 67 et
1538 1771 52 68 soit
1617 1768 152 70 pareille¬
