2592 3508
1008 374 53 57 DE
1119 374 139 57 BIEIVA
1286 408 56 21 CL.LD
1381 406 116 21 VEEUEE.

1693 350 46 85 15

763 471 77 55 ment
874 461 154 64 excellent
1066 461 22 63 en
1130 460 17 64 la
1182 460 102 63 langue
1323 459 21 64 en
1387 459 124 63 laquelle
1549 459 13 62 il
1592 458 22 63 se
1648 458 72 63 mect
1750 463 13 57 à

760 524 158 63 traduire.
946 524 51 61 Par
1033 523 75 61 ainsi
1141 522 17 60 il
1190 522 30 60 ne
1261 520 137 61 violera,
1435 520 21 59 et
1484 517 225 61 n’amoindrira
1737 517 17 58 la

764 583 128 65 maiesté
923 582 26 65 de
984 581 71 65 l’vne
1099 581 22 64 et
1152 579 106 66 l’autre
1294 578 132 66 langue.
1453 577 119 65 Cuydes
1603 576 17 65 tu
1665 575 48 66 que
1748 575 18 65 si

740 643 48 64 vn
827 642 117 64 homme
979 642 74 64 n’est
1083 642 131 63 parfaict
1244 641 22 63 en
1301 641 17 63 la
1353 641 104 62 langue
1488 641 104 62 Latine
1627 640 22 62 et
1675 640 100 62 Fran¬

765 707 108 64 coyse,
903 706 70 64 qu’il
1003 706 91 63 puisse
1124 706 61 63 bien
1224 705 135 63 traduire
1393 705 18 62 en
1450 704 151 63 Francoys
1632 704 125 62 quelque

765 767 111 63 oraison
920 767 26 62 de
982 766 154 63 Ciceron?
1171 765 137 63 Entends
1344 764 48 63 que
1428 763 150 63 chascune
1613 762 106 63 langue
1759 762 4 62 a

761 833 36 67 ses
838 833 204 66 proprietés,
1079 833 204 64 translations
1324 833 22 62 en
1396 833 155 61 dictions,
1587 833 194 60 locutions,

761 891 156 62 subtilités
963 891 21 62 et
1030 891 206 62 vehemences
1283 891 12 62 à
1337 891 47 62 elle
1438 891 236 62 particulieres.
1716 891 46 62 Les

746 950 161 64 quelles,
929 949 17 64 si
968 949 17 64 le
1016 949 178 63 traducteur
1220 948 130 63 ignore,
1372 948 13 62 il
1411 948 65 62 faict
1507 948 52 62 tort
1585 948 13 61 à
1615 947 153 62 l’autheur

751 1005 89 73 qu’il
869 1005 153 72 traduict,
1057 1006 20 69 et
1106 1006 79 69 aussy
1225 1006 9 68 à
1259 1006 20 68 la
1313 1007 109 66 langue
1461 1007 20 65 en
1521 1007 19 64 la
1575 1007 99 64 quelle
1703 1008 15 62 il
1748 1008 19 61 le

766 1075 132 65 tourne;
929 1075 40 65 car
1000 1075 13 65 il
1039 1075 27 65 ne
1101 1075 177 65 represente
1308 1075 22 65 et
1357 1075 168 65 n’exprime
1556 1075 17 65 la
1604 1075 119 65 dignité
1750 1075 22 65 et

768 1134 130 64 richesse
933 1134 26 64 de
994 1134 39 64 ces
1068 1134 74 64 deux
1172 1134 148 64 langues,
1350 1134 48 64 des
1433 1134 113 64 quelles
1576 1134 13 64 il
1620 1134 91 64 prend
1750 1134 13 64 le

768 1198 220 64 maniement.

795 1256 58 65 Le
894 1249 65 71 tiers
995 1245 106 75 poinct
1137 1246 38 73 est
1206 1246 80 72 qu'en
1332 1247 175 71 traduisant
1538 1249 17 67 il
1580 1249 33 67 ne
1649 1250 17 66 se
1702 1250 69 65 fault

760 1321 57 69 pas
860 1320 128 69 asseruir
1025 1319 124 67 iusques
1191 1318 10 65 à
1234 1318 14 65 la
1286 1318 52 64 que
1381 1317 47 63 l’on
1476 1316 85 62 rende
1604 1316 57 60 mot
1699 1315 71 59 pour

772 1379 76 59 mot.
882 1379 29 59 Et
949 1378 17 59 si
1000 1378 88 59 aucun
1130 1378 13 59 le
1181 1377 93 60 faict,
1312 1377 54 59 cela
1409 1377 38 59 luy
1484 1376 131 60 procede
1649 1376 25 59 de
1708 1376 76 59 pau¬

775 1441 86 58 ureté
901 1441 23 58 et
964 1441 134 58 deffault
1141 1441 142 58 d’esprit.
1318 1441 79 58 Car,
1433 1441 39 58 s’il
1511 1441 0 58 a
1563 1441 31 58 les
1641 1441 130 58 qualitez

751 1498 235 65 dessusdictes
1013 1498 51 64 (les
1096 1498 111 64 quelles
1234 1498 14 64 il
1276 1497 36 65 est
1340 1497 120 65 besoing
1496 1497 70 65 estre
1602 1496 19 65 en
1662 1496 19 65 vn
1717 1496 51 65 bon

779 1562 221 63 traducteur),
1017 1561 61 62 sans
1113 1561 78 62 auoir
1230 1560 95 62 esgard
1369 1560 13 61 à
1412 1559 104 62 l’ordre
1560 1559 43 61 des
1638 1558 100 62 mots,
1764 1558 13 61 il

778 1624 173 59 s’arrestera
986 1624 47 58 aux
1069 1624 185 57 sentences,
1285 1623 24 57 et
1337 1623 70 57 faira
1451 1623 19 56 en
1518 1623 70 56 sorte
1632 1622 47 56 que
1714 1622 79 55 l'in¬

783 1686 111 65 tention
934 1686 26 65 de
991 1686 150 65 l’autheur
1172 1686 57 65 sera
1260 1686 181 65 exprimée,
1472 1686 128 65 gardant
1626 1686 167 65 curieuse¬

788 1745 84 64 ment
902 1743 15 65 la
951 1737 169 71 proprieté
1140 1736 29 71 de
1204 1733 75 73 l'vne
1318 1733 20 73 et
1368 1733 114 72 l'aultre
1516 1736 129 69 langue.
1675 1741 30 63 Et
1734 1743 45 60 par

783 1800 97 69 ainsi,
908 1801 64 69 c’est
1004 1802 194 69 superstition
1240 1804 55 68 trop
1332 1805 106 68 grande
1470 1806 97 68 (diray
1599 1807 19 68 ie
1650 1808 125 68 besterie
