2592 3508
754 292 46 83 16

1117 301 46 67 LA
1218 301 175 67 MANIERE

768 397 22 64 ou
825 395 168 65 ignorance
1019 395 26 64 ?)
1072 394 31 64 de
1134 393 193 65 commencer
1363 392 17 64 sa
1415 391 172 65 traduction
1627 394 17 60 au
1684 394 94 60 com¬

764 461 201 62 mencement
995 444 26 76 de
1051 445 17 74 la
1108 445 150 74 clausule.
1283 447 78 70 Mais
1402 449 37 66 si,
1469 449 109 66 l'ordre
1613 451 47 62 des
1695 452 74 60 mois

746 524 182 68 peruerti,
950 523 19 66 tu
1005 521 155 67 exprimes
1187 519 178 65 l’intention
1405 518 28 62 de
1464 517 79 61 celuy
1578 516 51 60 que
1660 515 19 59 tu
1715 514 66 59 tra¬

743 586 108 59 duis,
891 585 84 59 aucun
1031 584 24 59 ne
1099 583 48 59 t’en
1195 582 85 59 peult
1316 580 192 59 reprendre.
1547 580 17 57 Ie
1607 579 29 57 ne
1683 578 81 57 veulx

764 645 68 62 taire
867 644 37 62 icy
939 643 18 62 la
992 642 77 63 follie
1104 640 148 64 d’aucuns
1283 637 228 65 traducteurs,
1546 635 162 65 lesquelz,
1738 634 19 64 au

740 706 72 59 lieu
848 705 27 59 de
907 703 136 60 liberté,
1059 703 18 59 se
1114 700 199 61 submettent
1337 700 13 59 à
1375 698 177 60 seruitude.
1573 696 76 60 C’est
1678 695 103 60 assca¬

766 754 59 73 uoir
869 757 84 69 qu’ils
993 762 64 63 sont
1090 751 16 73 si
1146 753 83 71 sotz,
1264 758 84 64 qu’ilz
1382 748 183 73 s'efforcent
1595 755 29 65 de
1659 757 103 62 rendre

746 826 91 62 ligne
886 825 69 62 pour
1000 824 74 62 ligne
1118 824 24 61 ou
1196 823 60 61 vers
1296 822 74 61 pour
1419 820 87 62 vers,
1546 820 47 61 par
1637 818 133 62 laquelle

771 887 97 63 erreur
894 887 29 62 ilz
953 886 177 62 deprauent
1155 885 130 61 souuent
1311 885 17 60 le
1357 884 63 61 sens
1446 884 25 60 de
1500 883 156 60 l’autheur
1686 882 84 60 qu’ilz

767 950 198 64 traduisent,
1000 950 19 62 et
1054 947 215 64 n’expriment
1304 946 15 63 la
1362 945 82 64 grace
1479 944 23 64 et
1537 942 166 65 perfection
1743 941 28 64 de

746 1010 93 62 I'vne
871 1010 23 61 et
918 1009 102 61 l’autre
1053 1007 127 62 langue.
1204 1007 31 60 Tu
1272 1006 18 60 te
1322 1005 145 61 garderas
1495 1002 225 62 diligemment
1744 1002 26 59 de

765 1072 23 65 ce
818 1071 76 65 vice,
915 1070 49 65 qui
990 1070 27 64 ne
1043 1068 177 66 demonstre
1250 1067 80 64 autre
1360 1067 85 63 choso
1475 1066 49 63 que
1554 1064 213 64 l’ingnorance

743 1133 50 61 du
829 1131 209 62 traducteur.

795 1195 48 62 La
878 1193 186 63 quatriesme
1107 1191 89 63 reigle
1234 1191 45 62 que
1318 1190 19 62 ie
1375 1189 80 63 veulx
1503 1188 106 63 bailler
1644 1187 23 62 en
1714 1186 58 63 cest

771 1256 162 62 endroict,
958 1256 37 60 est
1024 1255 58 61 plus
1111 1255 12 60 à
1144 1254 145 61 obseruer
1322 1254 17 59 en
1380 1253 125 60 langues
1530 1252 49 59 non
1621 1251 153 59 reduictes

768 1321 22 61 en
831 1320 60 61 art,
924 1319 80 61 qu’en
1050 1317 118 62 autres.
1188 1316 144 61 I’appelle
1365 1314 127 61 langues
1524 1314 48 60 non
1613 1312 156 61 reduictes

768 1378 127 63 encores
919 1377 22 62 en
982 1377 43 61 art
1054 1376 106 61 certain
1201 1375 22 61 et
1251 1374 140 61 repceu:
1419 1373 115 60 comme
1566 1372 39 59 est
1630 1372 17 59 la
1680 1371 104 59 Fran¬

770 1427 106 75 coyse,
902 1426 207 76 l’italienne,
1136 1424 261 77 l’Hespaignole,
1425 1420 67 80 celle
1530 1424 254 76 d’Allemaigne,

748 1500 264 60 d'Angleterre,
1043 1499 25 59 et
1103 1498 97 59 autres
1235 1496 173 59 vulgaires.
1439 1496 49 57 S’il
1519 1494 129 58 aduient
1683 1493 107 57 donc¬

760 1562 80 74 ques
869 1562 51 73 que
954 1561 16 73 tu
1009 1560 151 73 traduises
1194 1559 131 72 quelque
1359 1558 71 70 liure
1469 1557 76 70 Latin
1589 1556 21 69 en
1654 1555 133 69 icelles,

770 1625 206 58 mesmement
1007 1625 21 55 en
1063 1624 17 56 la
1111 1621 202 58 Francoyse,
1336 1621 13 56 il
1380 1620 13 56 te
1428 1619 73 57 fault
1528 1618 106 57 garder
1665 1616 122 57 d’vsur¬

766 1686 50 72 per
845 1685 75 72 mots
949 1684 55 71 trop
1044 1682 198 71 approchans
1266 1681 25 67 du
1330 1680 110 66 Latin,
1469 1679 21 64 et
1523 1679 46 63 peu
1613 1678 85 62 vsitez
1731 1677 46 60 par

756 1742 34 70 le
822 1741 111 70 passé:
955 1741 73 69 mais
1055 1741 143 68 contente
1226 1740 39 67 toy
1297 1740 25 66 du
1359 1740 167 65 commun,
1549 1739 67 64 sans
1644 1739 129 63 innouer
