2592 3508
1021 295 43 69 DE
1119 294 77 69 BIEN
1262 292 244 68 TRADVIRE.

1711 274 0 91 1

759 398 135 55 aucunes
919 391 131 60 dictions
1075 387 186 63 follement,
1286 387 21 61 et
1337 387 46 61 par
1412 386 152 61 curiosité
1589 385 186 61 reprehen¬

761 455 87 62 sible.
872 455 34 60 Ce
947 454 46 61 que
1034 453 17 61 si
1079 452 116 61 aucuns
1233 451 82 60 font,
1349 450 29 60 ne
1419 450 33 59 les
1493 449 87 59 ensuy
1618 448 16 59 en
1676 447 87 59 cela:

761 517 40 58 car
837 516 60 58 leur
929 515 165 59 arrogance
1130 515 28 57 ne
1198 514 80 57 vault
1314 513 84 58 rien,
1434 513 20 57 et
1490 512 73 57 n’est
1599 511 160 57 tollerable

762 577 76 63 entre
871 577 34 61 les
939 576 67 62 gens
1031 575 143 62 scauans.
1199 574 72 61 Pour
1304 573 55 60 cela
1393 572 163 60 n’entends
1586 571 42 59 pas
1662 570 46 59 que
1741 570 17 58 ie

737 631 64 67 die
832 631 50 66 que
919 631 13 65 le
969 631 177 65 traducteur
1182 631 186 63 s’abstienne
1404 631 195 61 totallement
1631 631 23 59 de
1690 631 73 59 mots

740 703 67 61 qui
828 702 68 62 sont
916 701 68 62 hors
1009 701 26 60 de
1059 699 115 62 l’vsaige
1207 697 136 62 commun
1375 697 1 59 :
1401 696 39 60 car
1468 695 22 60 on
1523 694 73 60 scait
1620 693 60 60 bien
1717 692 47 60 que

740 762 36 65 la
812 761 105 65 langue
957 759 142 65 Grecque
1134 759 24 63 ou
1203 758 101 64 Latine
1348 757 38 63 est
1421 756 55 63 trop
1521 755 65 63 plus
1621 755 78 62 riche
1735 754 23 61 en

740 822 172 65 dictions,
933 821 49 64 que
1012 821 19 63 la
1061 818 172 66 Francoyse
1259 817 49 64 qui
1334 816 76 64 nous
1435 814 177 65 contrainct
1633 812 133 64 souuent

740 882 114 62 d'vser
883 882 26 61 de
938 881 76 62 mots
1043 881 43 61 peu
1123 880 198 62 frequentés.
1343 880 75 61 Mais
1448 880 55 60 cela
1536 880 17 59 se
1587 879 84 60 doibt
1696 879 68 59 faire

764 950 9 61 à
797 947 175 63 l’extresme
1004 945 170 62 necessité.
1202 944 18 60 Ie
1256 943 59 61 scay
1351 942 63 60 bien
1458 941 18 60 en
1516 940 92 60 oultre
1649 938 129 60 qu’aul¬

765 1004 66 65 cuns
858 1002 190 66 pourroient
1074 1002 53 63 dire
1163 1001 48 64 que
1238 1000 17 64 la
1286 1000 62 63 plus
1375 999 66 63 part
1466 998 46 63 des
1537 997 134 64 dictions
1696 996 23 63 de
1749 996 14 62 la

743 1066 124 62 langue
900 1064 170 62 Francoyse
1107 1064 33 60 est
1169 1062 116 61 deriuée
1318 1062 25 59 de
1376 1061 17 60 la
1426 1060 128 60 Latine,
1579 1059 25 59 et
1633 1059 46 59 que
1716 1058 49 59 noz

743 1126 259 68 predecesseurs
1047 1125 46 64 ont
1137 1124 47 63 heu
1237 1122 161 63 l’autorité
1433 1122 28 60 de
1506 1121 33 59 les
1583 1120 106 59 mettre
1738 1119 19 57 en

748 1188 137 65 vsaige,
901 1187 36 65 les
963 1185 168 66 modernes
1157 1184 23 64 et
1205 1182 212 65 posterieures
1447 1181 19 63 en
1500 1179 138 64 peuuent
1663 1178 107 63 autant

743 1247 108 62 faire.
884 1247 79 61 Tout
996 1246 54 61 cela
1091 1246 17 60 se
1154 1245 83 60 peult
1274 1244 137 60 debattre
1452 1243 79 60 entre
1577 1242 195 60 babillarts:

767 1305 68 63 mais
864 1305 17 62 le
910 1304 144 63 meilleur
1083 1304 38 61 est
1151 1303 25 61 de
1210 1303 101 61 suyure
1340 1302 17 61 le
1387 1301 134 61 commun
1564 1300 147 61 langage.
1732 1300 30 59 En

763 1365 58 61 mon
858 1365 132 61 Orateur
1019 1365 158 61 Francoys
1205 1365 13 61 ie
1251 1365 161 61 traicteray
1446 1365 20 61 ce
1499 1365 104 61 poinct
1628 1365 58 61 plus
1715 1365 69 61 am¬

746 1427 181 63 plement,
953 1427 23 61 et
1010 1426 63 62 auec
1107 1424 63 63 plus
1200 1423 107 63 grand'
1337 1420 244 64 demonstration

798 1484 149 62 Venons
972 1483 204 61 maintenant
1201 1482 12 60 à
1234 1482 12 60 la
1275 1481 191 61 cinquiesme
1499 1480 87 60 reigle
1616 1480 49 59 que
1694 1479 88 59 doibt

768 1547 146 60 obseruer
945 1546 22 59 vn
1006 1544 49 61 bon
1094 1541 203 63 traducteur.
1319 1540 31 63 La
1381 1538 93 64 quelle
1505 1537 35 64 est
1575 1537 22 64 de
1633 1536 13 64 si
1672 1534 106 66 grand'

751 1609 123 63 vertu,
913 1608 49 63 que
1005 1607 63 63 sans
1111 1606 45 63 elle
1199 1605 76 63 toute
1314 1603 199 64 composition
1556 1603 36 62 est
1617 1602 103 62 lourde
1754 1601 23 62 et

768 1669 58 61 mal
863 1668 169 61 plaisante.
1070 1668 74 60 Mais
1186 1667 91 60 qu’est
1314 1667 21 60 ce
1380 1667 104 59 qu’elle
1525 1666 157 60 contient?
1719 1666 50 58 rien

766 1732 83 62 autre
886 1732 83 62 chose
1006 1731 46 63 que
1084 1730 217 63 l’obseruation
1347 1729 46 64 des
1425 1728 143 65 nombres
1600 1727 180 65 oratoires:
