2592 3508
760 280 55 85 18

1129 298 46 62 LA
1230 315 165 47 MANIERE

772 392 66 61 c’est
879 390 150 62 asscauoir
1070 390 46 61 vne
1157 390 95 61 liaison
1298 389 21 61 et
1356 389 244 60 assemblement
1634 388 45 60 des
1716 388 71 59 dic¬

773 456 73 64 tions
872 456 66 64 auec
968 456 61 64 telle
1059 456 165 64 doulceur,
1246 456 43 64 que
1319 456 48 64 non
1406 456 174 64 seulement
1601 456 83 64 l’ame
1714 456 44 64 s’en

774 516 170 65 contente,
970 516 69 64 mais
1065 516 79 63 aussi
1170 516 34 63 les
1235 515 117 63 oreilles
1387 515 17 62 en
1444 515 65 62 sont
1535 514 95 62 toutes
1661 514 123 62 rauies,

777 575 22 65 et
830 575 27 65 ne
892 575 18 64 se
945 574 141 65 faschent
1117 574 101 64 iamais
1249 573 79 64 d’vne
1368 573 62 63 telle
1460 572 164 64 harmonie
1659 572 26 63 de
1716 572 71 62 lan¬

760 639 108 76 gage:
893 638 134 75 d’yceulx
1057 636 145 73 nombres
1231 634 150 71 oratoires
1406 634 22 67 ie
1457 633 78 67 parle
1565 632 63 65 plus
1652 631 132 64 copieu¬

768 697 118 68 sement
916 697 20 68 en
970 696 60 68 mon
1069 695 149 69 orateur:
1242 695 45 69 par
1326 694 70 69 quoy
1430 694 59 69 n’en
1529 693 74 70 feray
1638 693 34 69 icy
1712 692 64 70 plus

748 760 81 70 long
867 760 156 69 discours.
1056 760 29 68 Et
1123 760 23 68 de
1189 760 104 67 rechef
1331 760 176 67 aduertiray
1544 760 15 65 le
1592 760 175 65 traducteur

751 824 54 58 d’y
833 824 131 60 prendre
996 824 113 61 garde:
1132 824 41 62 car
1200 824 59 62 sans
1286 824 218 65 l’obseruation
1540 824 45 65 des
1608 824 176 67 nombres,

773 882 27 65 on
835 882 26 65 ne
892 881 84 65 peult
1007 881 71 65 estre
1113 880 247 65 esmerueillable
1395 880 18 63 en
1457 880 128 63 quelque
1620 879 164 63 composi¬

775 941 52 70 tion
865 941 48 69 que
951 941 23 68 ce
1008 941 52 68 soit
1088 941 0 67 :
1117 941 19 67 et
1164 941 62 66 sans
1259 941 100 66 yceulx
1393 941 38 64 les
1459 941 162 64 sentences
1649 941 24 62 ne
1706 941 78 62 peu¬

772 1008 68 59 uent
872 1008 68 59 estre
980 1008 104 59 graues
1124 1008 20 59 et
1176 1008 80 59 auoir
1301 1008 56 59 leur
1405 1008 84 59 poids
1525 1008 100 59 requis
1657 1008 24 59 et
1705 1008 79 59 legi¬

766 1069 88 68 time.
877 1069 50 67 Car
960 1069 101 66 penses
1093 1069 14 65 tu
1148 1069 46 65 que
1222 1069 23 64 ce
1277 1069 55 63 soit
1365 1069 73 63 assés
1466 1069 120 62 d’auoir
1613 1069 14 61 la
1655 1069 105 60 diction

757 1133 122 73 propre
929 1132 21 72 et
990 1131 138 73 elegante
1167 1130 62 71 sans
1274 1129 47 70 vne
1365 1128 98 70 bonne
1503 1126 173 70 copulation
1731 1125 47 68 des

769 1192 97 62 mots?
904 1191 17 62 Ie
954 1191 123 62 t’aduise
1115 1191 46 61 que
1195 1190 67 61 c’est
1292 1190 105 61 autant
1431 1190 50 60 que
1519 1190 59 60 d’vn
1624 1189 144 60 monceau

748 1251 48 64 de
839 1251 135 63 diuerses
1017 1251 113 62 pierres
1173 1251 174 62 precieuses
1391 1251 56 60 mal
1482 1251 173 60 ordonnées
1694 1251 0 59 :
1721 1251 66 58 les¬

754 1312 133 70 quelles
920 1311 29 69 ne
987 1311 137 69 peuuent
1162 1311 81 67 auoir
1276 1310 62 66 leur
1376 1310 114 65 lustre,
1528 1310 10 64 à
1571 1309 81 64 cause
1694 1309 81 63 d’vne

775 1370 180 71 collocation
998 1370 247 68 impertinente.
1269 1369 33 66 Ou
1340 1369 66 65 c’est
1444 1369 119 64 aultant
1596 1368 48 63 que
1682 1368 28 62 de
1739 1368 48 62 di¬

771 1438 63 58 uers
881 1438 205 58 instruments
1125 1438 166 58 musicaulx
1338 1438 59 58 mal
1433 1438 165 58 conduicts
1645 1438 48 58 par
1736 1438 35 58 les

770 1496 124 65 ioueurs
920 1496 181 65 ingnorantz
1132 1496 26 65 de
1189 1496 67 65 l’art
1282 1496 44 65 peu
1370 1496 239 65 congnoissantz
1644 1496 35 65 les
1715 1496 61 65 tons

773 1558 21 61 et
825 1558 134 62 mesures
994 1558 22 62 de
1055 1558 13 62 la
1107 1558 156 62 musique.
1289 1558 30 63 En
1354 1558 139 63 somme,
1515 1558 69 63 c’est
1606 1558 47 64 peu
1693 1558 26 64 de
1753 1558 13 64 la

776 1621 163 68 splendeur
974 1621 44 68 des
1053 1621 99 68 motz,
1182 1621 15 68 si
1226 1620 109 69 l’ordre
1375 1620 20 69 et
1425 1620 178 69 collocation
1637 1619 134 70 d’yceulx

772 1686 72 62 n’est
877 1686 63 62 telle
983 1686 67 61 qu’il
1088 1686 194 61 appartient.
1307 1686 25 60 En
1374 1686 55 60 cela
1463 1686 42 60 sur
1538 1686 59 60 tous
1631 1686 42 59 fut
1703 1686 71 59 iadis

774 1745 109 73 estimé
912 1744 154 72 Isocrate,
1090 1744 119 70 orateur
1244 1743 89 69 grec:
1358 1743 19 68 et
1407 1742 218 68 pareillement
1654 1742 130 65 Demos¬
