2592 3508
1190 725 25 20 12

953 657 320 97 ESTIENNE
1358 662 171 86 DODE

1049 783 63 67 MON
1159 808 161 41 SLIOAVEVAE
1358 821 24 27 DE
1429 783 136 65 LANGEI.

1152 820 154 26 ORIOREIR
1355 818 207 29 D.

816 865 124 61 Humble
965 866 62 61 salut
1052 867 17 60 et
1089 867 232 61 recongnoissance
1346 868 21 60 de
1396 869 12 59 sa
1433 869 133 59 liberalité
1586 870 87 59 enuers
1694 871 58 58 luy,

985 1160 0 0 E
1053 1103 138 71 n'ignore
1233 1104 48 68 pas
1317 1105 165 66 (seigneur
1524 1107 48 62 par
1608 1091 91 77 gloire
1740 1101 47 65 im¬

1008 1173 129 71 mortel)
1169 1172 49 68 que
1250 1169 154 68 plusieurs
1431 1168 30 64 ne
1483 1165 201 65 s’esbaissent
1707 1163 92 61 gran¬

956 1280 0 0 E
1007 1224 126 76 dement
1158 1224 27 74 de
1220 1224 74 73 veoir
1330 1224 84 72 sortir
1449 1224 27 71 de
1512 1224 58 71 moy
1611 1224 21 70 ce
1663 1224 126 69 present

772 1296 177 63 Oeuure:
982 1295 118 62 attendu
1150 1295 47 61 que
1234 1295 42 60 par
1318 1294 17 60 le
1377 1294 89 60 passé
1491 1293 46 60 i'ay
1579 1293 67 59 faict
1680 1292 25 59 et
1735 1292 50 59 fais

788 1352 126 68 encores
940 1350 200 68 maintenant
1162 1348 167 68 profession
1369 1347 98 67 totalle
1498 1346 24 66 de
1554 1346 14 66 la
1600 1345 107 66 langue
1738 1344 58 66 La¬

790 1419 76 60 tine.
894 1418 72 60 Mais
1006 1418 12 58 à
1047 1417 60 59 cecy
1147 1417 16 58 ie
1203 1415 92 59 donne
1331 1414 68 58 deux
1439 1413 145 58 raisons:
1603 1412 101 57 l'vne,
1735 1411 53 57 que

787 1478 62 62 mon
891 1476 136 63 affection
1069 1475 40 61 est
1138 1474 62 62 telle
1234 1472 105 63 enuers
1368 1470 171 63 l’honneur
1568 1469 27 62 de
1633 1468 62 62 mon
1729 1467 62 62 païs

775 1537 67 62 que
880 1536 13 62 ie
935 1536 68 62 veux
1036 1535 123 62 trouuer
1197 1534 63 61 tout
1285 1533 101 62 moyen
1429 1533 29 60 de
1492 1532 181 61 l’illustrer.
1698 1531 30 60 Et
1762 1531 25 59 ne

772 1597 40 63 Ie
841 1593 64 66 puis
930 1587 114 72 myeulx
1078 1584 69 73 faire
1182 1585 49 71 que
1256 1586 25 70 de
1320 1587 133 68 celebrer
1478 1589 20 65 sa
1528 1589 128 64 langue,
1676 1591 113 61 comme

791 1659 49 59 ont
875 1658 69 59 faict
975 1657 90 59 Grecs
1104 1657 21 57 et
1156 1655 185 59 Rommains
1376 1655 13 57 la
1428 1654 77 57 leur.
1532 1652 118 58 L’autre
1689 1651 93 57 raison

793 1718 61 65 est,
881 1717 49 65 que
965 1717 53 64 non
1053 1716 66 65 sans
1150 1716 133 64 exemple
1318 1715 26 63 de
1371 1714 150 64 plusieurs
1552 1714 18 62 ie
1605 1713 185 63 m’addonne

792 1783 12 55 à
832 1782 72 56 ceste
944 1780 224 57 exercitation.
1192 1778 100 57 Quant
1332 1778 44 56 aux
1420 1776 144 57 antiques
1603 1775 61 57 tant
1699 1774 93 57 Grecs

778 1840 65 66 que
879 1839 116 66 Latins,
1022 1839 29 65 ilz
1082 1838 84 65 n’ont
1202 1837 84 65 prins
1322 1835 93 66 aultre
1451 1833 191 67 instrument
1673 1833 24 65 de
1733 1832 56 66 leur
