2592 3508
1173 333 169 67 EPISIRE

774 431 164 60 eloquence
979 424 50 64 que
1064 420 19 67 la
1123 418 106 69 langue
1269 416 201 69 maternelle.
1496 415 38 67 De
1574 418 19 63 la
1633 421 142 60 Grecque

770 488 104 64 seront
900 487 73 64 pour
1008 487 165 63 tesmoings
1203 486 234 63 Demosthene,
1463 485 157 63 Aristote,
1650 485 140 62 Platon,

748 548 185 65 Isocrate,
964 547 207 64 Thucydide,
1202 545 185 65 Herodote,
1413 544 150 64 Homere.
1594 544 26 62 Et
1651 544 44 62 des
1726 543 64 62 La

774 610 52 62 tins
865 609 17 62 ie
930 609 126 62 produis
1099 608 156 62 Ciceron,
1290 607 121 62 Csar,
1446 606 156 62 Salluste,
1641 605 149 62 Virgile,

754 672 145 61 Ouide,
924 671 132 61 lesquelz
1089 671 83 60 nont
1213 670 129 60 delaisse
1367 670 57 59 leur
1458 670 103 59 langue
1598 669 71 59 pour
1706 669 70 58 estre

777 729 177 66 renommez
989 729 22 65 en
1046 729 49 64 vne
1134 729 97 64 autre.
1262 728 31 64 Et
1324 728 48 64 ont
1403 728 155 63 mesprise
1584 727 79 63 toute
1699 727 79 63 autre

776 794 76 65 sinon
897 792 170 66 quaucuns
1103 792 45 64 des
1179 790 103 65 Latins
1313 790 49 64 ont
1394 789 76 64 apris
1496 788 18 65 la
1550 787 139 65 Grecque
1724 786 45 65 afin

754 856 51 60 de
842 854 118 62 scauoir
997 854 35 60 les
1065 853 56 61 arts
1158 852 22 61 et
1204 850 182 62 disciplines
1419 849 140 61 traictees
1592 848 47 60 par
1672 848 34 59 les
1735 847 61 60 au

783 915 100 64 theurs
913 914 139 64 dicelle.
1074 914 104 63 Quant
1213 914 43 62 aux
1291 913 186 63 modernes,
1495 912 169 63 semblable
1699 912 82 62 chose

766 979 66 61 que
878 978 58 61 moy
981 978 5 60 a
1031 977 71 61 faict
1135 976 132 61 Leonard
1325 975 133 60 Aretin,
1495 974 208 60 Sannazare,
1736 973 63 59 Pe

784 1036 147 63 trarque,
973 1035 110 62 Bembe
1129 1034 93 62 (ceulx
1272 1034 21 61 cy
1339 1033 164 61 Italiens),
1537 1032 21 60 et
1604 1032 17 60 en
1672 1031 109 60 France

760 1089 148 70 Budee,
943 1084 143 74 Bouille,
1120 1085 20 71 et
1174 1086 119 69 maistre
1342 1088 124 65 Iacques
1510 1090 144 61 Syluius.
1687 1092 112 57 Donc

763 1159 88 62 ques
889 1159 47 61 non
978 1158 59 61 sans
1070 1157 165 62 lexemple
1268 1157 26 60 de
1332 1156 155 61 plusieurs
1521 1155 168 60 excellents
1723 1154 73 60 per

784 1220 152 63 sonnages
974 1219 232 62 ientreprends
1244 1219 21 60 ce
1311 1218 126 60 labeur.
1467 1217 139 60 Lequel,
1640 1216 147 59 Seigneur

760 1285 95 58 plein
905 1285 25 57 de
976 1284 48 57 bon
1078 1282 187 58 iugement,
1303 1281 21 56 tu
1366 1279 167 57 recepuras
1571 1279 53 54 non
1674 1277 115 55 comme

763 1340 152 68 parfaict
951 1339 19 67 en
1016 1339 14 66 la
1071 1337 245 68 demonstration
1361 1336 24 64 de
1421 1335 98 64 nostre
1555 1334 135 64 langue,
1721 1333 70 62 mais

783 1404 191 63 seullement
1006 1402 113 61 comme
1159 1401 46 60 vng
1254 1397 278 63 commencement
1568 1395 142 60 dycelle.
1734 1394 54 59 Car

784 1464 19 64 ie
833 1463 62 64 scay
930 1462 49 64 que
1018 1461 93 64 quand
1154 1460 23 64 on
1216 1459 107 64 voulut
1353 1458 120 64 reduire
1503 1457 18 63 la
1556 1456 102 64 langue
1697 1455 108 63 Grec

766 1527 69 63 que
866 1527 20 62 et
913 1526 102 63 Latine
1046 1526 20 62 en
1106 1525 61 63 art,
1189 1524 57 64 cela
1272 1524 29 63 ne
1327 1523 43 64 fut
1387 1522 103 64 absolu
1521 1522 47 64 par
1600 1521 19 64 vn
1655 1520 150 65 homme,

788 1592 73 62 mais
887 1591 47 62 par
965 1588 173 64 plusieurs.
1164 1587 33 62 Ce
1228 1586 46 63 qui
1300 1585 19 63 se
1355 1583 69 64 faira
1459 1580 223 66 pareillement
1718 1579 19 64 en
1772 1578 15 64 la

772 1645 120 70 langue
935 1644 203 69 Francoyse,
1166 1644 20 67 et
1214 1644 45 66 peu
1296 1643 11 66 a
1330 1643 49 66 peu
1417 1643 44 65 par
1489 1643 20 64 le
1542 1642 102 65 moyen
1687 1642 25 63 et
1740 1642 65 63 tra

794 1713 56 64 uail
881 1712 43 64 des
955 1712 65 63 gens
1046 1711 100 64 doctes
1172 1710 48 64 elle
1246 1710 109 63 pourra
1394 1709 69 63 estre
1498 1708 135 63 reduicte
1672 1708 17 61 en
1728 1707 66 62 telle

775 1775 185 69 parfection
997 1775 49 67 que
1078 1774 39 67 les
1144 1773 125 68 langues
1296 1770 229 69 dessusdictes.
1548 1770 1 67 A
1595 1769 72 68 ceste
1700 1768 102 68 cause,
