2592 3508
1026 306 107 68 AM.
1165 306 33 68 DE
1249 306 184 68 LANGEI.

710 401 165 60 Seigneur
910 397 65 62 tout
1005 395 148 64 humain,
1183 394 13 63 ie
1235 394 17 63 te
1287 392 139 65 requiers
1465 391 26 64 de
1534 394 131 61 prendre
1708 404 17 49 ce

729 458 71 65 mien
848 457 106 65 labeur
994 457 17 64 en
1055 456 75 64 gré:
1166 456 22 63 et
1219 455 39 64 s’il
1294 455 26 63 ne
1360 454 132 63 reforme
1536 453 194 63 totallement

731 520 99 61 nostre
872 519 132 61 langue,
1037 519 71 60 pour
1149 519 17 59 le
1203 518 95 60 moins
1336 518 87 59 pense
1468 518 46 59 que
1555 517 67 59 c’est
1659 517 87 58 com¬

733 581 199 65 mencement
969 580 51 62 qui
1049 579 110 62 pourra
1201 577 144 62 paruenir
1386 576 9 60 à
1428 575 26 61 fin
1500 574 85 61 telle,
1613 573 48 60 que
1697 572 39 60 les

736 644 184 63 estrangiers
958 644 30 61 ne
1027 643 73 61 nous
1142 640 202 63 appelleront
1386 640 60 61 plus
1493 638 172 62 Barbares.
1707 637 26 61 Te

732 704 199 64 soubuienne
971 703 79 63 aussy
1103 702 18 63 en
1174 701 57 63 cest
1275 699 164 65 endroict,
1478 697 71 65 qu’il
1593 696 35 65 est
1668 695 57 66 bien

710 764 147 63 difficile
887 763 110 62 qu’vne
1030 762 80 62 chose
1148 761 55 62 soit
1237 760 172 62 inuentée,
1439 759 21 62 et
1494 758 143 62 parfaicte
1675 757 63 62 tont

736 827 9 64 à
775 826 22 65 vn
849 825 91 65 coup.
975 824 135 65 Parquoy
1153 823 13 64 tu
1214 822 17 65 te
1275 821 86 65 doibs
1400 820 161 65 contenter
1604 819 26 64 de
1670 818 56 65 mon

733 890 189 65 inuention,
950 889 18 65 et
1000 889 19 65 en
1060 888 134 65 attendre
1231 888 23 64 ou
1291 887 46 65 par
1369 887 88 65 moy,
1485 886 23 65 ou
1545 886 46 65 par
1623 885 126 66 autres,

716 950 36 67 la
784 949 168 68 perfection
993 949 64 66 auec
1088 949 14 66 le
1138 948 114 67 temps.
1279 948 96 66 Ioinct
1406 948 78 65 aussy
1515 947 82 65 qu’en
1638 947 100 65 choses

713 1013 154 70 grandes
902 1011 22 70 et
959 1003 145 77 difficiles
1134 1002 21 76 le
1195 1003 115 74 vouloir
1350 1004 88 71 doibt
1478 1005 68 68 estre
1586 1006 99 65 asser.
1715 1008 22 61 Ie

713 1067 104 73 laisse
847 1067 25 72 ce
901 1067 134 72 propos,
1055 1068 24 70 et
1109 1068 15 70 te
1159 1068 79 69 veulx
1273 1068 59 69 dire
1367 1068 20 68 ce
1421 1068 50 68 qui
1495 1069 50 66 m'a
1580 1069 89 66 esmeu
1713 1069 25 65 de

742 1137 13 64 te
790 1136 104 65 dedier
929 1136 22 64 ce
981 1136 96 63 liure.
1103 1136 104 63 Certes
1242 1135 143 63 l’opinion
1433 1135 22 62 et
1490 1134 99 63 estime
1629 1134 108 62 grande

722 1194 67 65 que
823 1193 48 66 i'ay
909 1192 29 66 de
972 1192 38 66 ton
1058 1189 144 68 scauoir,
1236 1187 168 70 eloquence
1447 1186 24 69 et
1505 1184 163 71 iugement
1711 1183 19 71 en

741 1257 60 64 tout
836 1255 277 65 esmerueillable,
1139 1254 48 63 m’a
1226 1253 117 64 induict
1373 1253 13 62 à
1412 1253 18 62 en
1469 1252 65 62 faire
1568 1251 109 63 autant
1707 1251 26 61 ou

719 1317 85 70 plus
827 1317 53 69 que
908 1315 205 70 l’humanité,
1140 1314 25 68 et
1192 1312 177 69 liberalité,
1396 1312 30 66 de
1458 1310 134 67 laquelle
1629 1310 15 65 tu
1686 1309 58 65 vses

716 1376 55 68 de
804 1375 60 68 iour
896 1375 23 67 en
956 1374 83 68 iour,
1067 1374 28 67 de
1127 1374 60 66 plus
1219 1373 23 67 en
1279 1373 60 66 plus
1376 1373 19 65 en
1432 1372 60 66 mon
1533 1371 139 66 endroict
1699 1371 0 65 :
1727 1371 23 64 et

744 1441 20 61 ce
810 1441 58 60 sans
905 1440 91 61 aucun
1041 1440 71 60 mien
1157 1439 128 60 merite;
1323 1439 41 60 car
1409 1439 25 59 de
1476 1439 16 59 te
1538 1438 66 59 faire
1649 1438 87 59 aucun

743 1504 137 65 seruice,
919 1502 146 65 meritant
1104 1501 63 64 telle
1210 1500 102 64 amour
1355 1499 49 63 que
1447 1498 41 63 me
1527 1498 18 62 la
1584 1497 102 63 portes
1725 1496 23 62 et

744 1565 153 66 monstres
929 1564 47 65 par
1007 1563 108 66 effect,
1141 1562 57 65 cela
1234 1562 38 65 est
1298 1561 70 65 hors
1395 1559 200 66 totallement
1621 1559 29 64 de
1681 1558 57 65 mon

731 1627 166 70 pouuoir.
929 1625 182 69 Toutesfoys
1148 1624 72 67 pour
1257 1622 195 67 suppliment
1485 1621 24 64 du
1556 1620 134 63 pouuoir
1727 1619 15 61 la

728 1688 171 63 voulunté
936 1688 13 62 te
991 1687 83 63 doibt
1111 1686 147 64 satisfaire
1295 1686 0 63 :
1328 1685 129 64 laquelle
1498 1684 37 65 est
1572 1684 60 65 telle
1673 1683 85 65 que,

748 1748 64 67 sans
847 1747 159 68 exception
1045 1747 119 68 d’aucun
1204 1746 153 69 humain,
1382 1746 15 69 ie
1442 1746 15 69 te
1491 1745 104 70 reuere
1635 1745 109 70 comme
