933 1716
155 348 45 36 AV
259 348 89 38 ROV
401 348 44 39 DE
497 348 201 42 ERANCE

223 380 28 50 ET
305 381 36 49 PE
386 382 252 48 POLOISNE.

285 447 32 53 E5

316 454 0 30 8

400 487 20 2 15

310 496 137 53 lesimages;

459 454 31 46 uns
509 486 20 0 du
558 486 0 0 C

284 534 74 55 ppiter
379 541 10 48 en
410 531 63 59 prend
494 535 42 52 eure
557 532 0 52 &
599 539 21 47 les
641 531 52 58 garde
714 535 42 55 d'ou

283 576 109 50 ttrages,

94 610 17 46 Il
129 610 17 46 les
163 610 35 47 fait
215 610 86 47 reuere,
318 611 104 47 reputant
439 611 26 47 les
482 614 111 45 bonneur!

93 652 59 47 Etre
191 654 33 45 luy
242 655 77 44 meme
334 657 61 42 faits,
409 658 52 42 quon
486 650 42 50 rend
570 650 25 50 es
612 651 116 49 eigneure.

93 690 81 51 Quand
201 699 18 42 ils
237 699 27 43 oni
282 699 143 45 quelquefois
443 699 46 45 leurs
505 699 56 46 ames
577 699 38 47 trop
640 699 91 48 cruelles,

93 730 143 46 Outrageant
252 733 59 49 leurs
328 735 58 48 uiets
403 736 34 49 qui
453 737 17 46 ne
487 738 42 48 leur
546 739 42 45 ont
603 740 102 46 rebelles,

91 774 45 43 Bien
163 769 89 49 qupris
270 770 18 48 de
306 770 62 49 colere
386 770 9 50 il
413 771 18 49 les
448 772 36 49 ait
529 775 44 47 tous
591 777 54 46 coups

90 812 37 46 Par
145 809 73 47 ignes
236 809 91 53 aduertir
346 810 18 52 de
382 814 27 44 on
437 810 82 47 ardant
537 816 116 44 courroux,

90 847 17 48 Il
123 847 83 50 trouble
223 849 41 49 lair
289 850 16 49 de
322 850 182 52 vents,dclairs
520 853 0 49 &
562 853 16 50 de
594 854 117 51 tonnerres.

90 889 17 43 Il
124 890 34 43 fait
175 891 59 43 enfoez
259 893 26 42 les
301 894 51 42 mer,
369 892 9 45 il
394 888 43 50 fait
454 889 101 51 tremibler
572 892 19 48 les
605 894 77 48 terres,

90 928 50 48 Fait
161 925 60 57 palir
241 926 10 50 du
281 929 60 54 Soleit
361 930 10 53 le
391 931 60 53 grand
471 929 50 57 front
541 930 128 55 lumineux.

93 974 31 39 Ou
140 975 31 38 ur
186 975 16 38 le
217 974 31 40 ciel
264 974 93 40 attacbe
372 974 23 40 vn
419 973 85 42 Comete
527 973 98 42 crineux.

465 487 61 22 HAA
556 453 40 55 diel
616 453 40 54 ont
676 453 20 52 de
716 453 41 51 Die

90 1035 0 0 A
127 1013 17 40 fin
172 1014 194 45 quepouuantez
387 1016 21 44 de
417 1016 19 44 a
458 1016 46 46 dure
526 1017 98 48 menace,

87 1048 32 44 Ils
132 1048 124 46 amendent
269 1055 40 39 leur
330 1054 25 41 vie
376 1054 2 41 &
414 1054 130 43 recouurent
558 1053 16 44 a
596 1053 69 45 grace.

88 1088 56 52 Tant
165 1088 2 53 i
187 1088 35 57 leur
251 1086 20 53 t
286 1086 101 58 clement,
408 1088 1 55 &
441 1094 46 48 tant
508 1094 34 45 peu
563 1092 111 45 volontiers

87 1132 19 43 Il
121 1128 71 48 venge
207 1128 19 48 les
242 1136 87 41 orfaits
355 1130 26 47 des
398 1136 130 42 monarques
545 1128 103 51 fautiers.

118 1171 65 41 Mais
200 1166 28 47 des
246 1166 46 49 pons
309 1168 38 48 qui
364 1173 10 44 la
391 1168 47 50 paix
464 1176 1 43 &
508 1169 10 51 la
536 1169 73 53 iice
627 1170 118 55 honorent,

85 1208 28 45 Et
130 1202 125 54 emblables
299 1212 53 46 vous
370 1214 18 44 les
406 1214 98 47 cruantez
530 1214 132 50 abhorrenn.

87 1245 19 48 Il
122 1246 2 48 a
139 1246 109 53 touiours
264 1249 11 45 le
291 1249 64 52 oing,
372 1251 44 48 leurs
434 1252 89 53 ceptres
541 1255 9 49 il
567 1255 134 49 maintient,

87 1287 20 45 Et
127 1290 69 48 contre
215 1297 40 37 tous
274 1287 49 54 hain
343 1296 40 41 enrs
402 1288 40 53 leur
461 1289 89 55 querelle
569 1289 107 56 outient.

87 1326 16 45 Il
119 1326 49 46 veur
184 1329 41 44 que
241 1327 24 47 les
281 1330 73 45 aentus
370 1329 16 46 de
410 1328 33 48 leur
467 1332 40 45 ame
532 1331 121 48 enantes,

87 1367 86 56 Comme
192 1367 85 63 celete,
298 1368 63 62 oyent
383 1367 31 63 par
435 1367 21 56 les
477 1371 74 53 Mues
572 1367 105 61 chantes.

522 1409 77 63 Ait.
