913 1718
399 141 38 34 AV
493 137 88 36 ROX.

159 178 65 51 Cõme
251 184 18 41 on
295 178 38 50 voit
351 182 36 48 que
404 180 101 49 d’alcide
532 181 118 46 immoriels
668 184 46 37 ſont
731 186 20 36 les
767 187 57 36 fais

161 223 47 45 Qni
223 223 16 45 la
262 222 47 45 terre
324 221 78 44 purgea
424 220 17 43 de
455 220 32 42 ſes
502 218 101 43 monſtres
618 217 101 41 desfaits.

161 264 26 43 Ou
212 264 85 42 comme
314 264 17 41 du
357 257 68 47 Pelide
441 257 26 46 eſt
484 254 8 49 la
518 257 59 45 gloire
594 253 93 48 viuante

161 299 37 47 Par
217 300 27 46 les
263 298 101 48 antiques
383 299 37 47 vers
438 295 120 51 d’Homere
577 293 28 52 qut
623 297 9 48 le
651 293 91 52 chante.

160 345 60 41 Auec
246 336 43 49 tant
306 336 94 48 d’autres
417 336 78 47 preux,
512 336 25 46 que
563 336 17 45 les
597 336 69 45 poëtes
683 336 68 44 ſaints

163 377 48 49 Ont
231 377 48 49 come
298 377 10 49 en
337 377 19 49 vn
385 377 77 49 tableau
491 377 48 49 dans
559 377 48 49 leurs
626 377 77 49 guures
723 377 104 49 depeints.

193 421 28 42 Or
240 416 18 47 tel
286 417 47 46 vous
351 415 75 48 ſerez,
442 416 50 47 Sire,
508 416 58 47 apres
583 415 29 48 que
631 416 18 47 la
668 418 56 45 mort
742 416 46 47 pall

160 465 65 40 Aura
242 455 38 50 fait
298 455 112 49 deſourdir
428 455 65 49 voſtre
511 455 47 49 toile
576 455 83 48 fatale.

163 496 28 48 Et
209 497 28 47 que
265 498 55 46 voſtre
339 492 55 52 belle
413 495 46 49 ame,
478 492 84 52 hoſeſſe
579 492 39 52 d’vn
643 493 50 51 beau
707 492 60 52 corps

163 538 109 48 Tardiue,
290 538 54 48 apres
362 538 36 48 cent
416 538 46 48 ans,
480 538 108 48 s’elacera
606 538 89 46 dehors.

166 576 45 52 Car
229 576 54 51 mille
301 576 0 50 &
345 576 54 49 mille
417 576 45 48 vers
480 576 107 47 porteront
605 576 27 45 vos
650 576 106 44 louange?

163 618 33 47 De
221 618 8 46 ce
254 618 100 46 Francois
370 618 67 45 ſeiour
453 618 33 44 aux
511 618 91 43 riuages
619 618 114 42 eſtranges?

164 660 19 42 Si
203 660 29 44 que
261 654 19 51 les
299 655 77 53 peuples
395 652 49 54 ards
463 652 19 50 des
501 652 98 55 chaleurs
616 652 21 52 du
654 653 60 54 midy

161 698 40 43 Les
218 698 104 44 Tartares
346 698 81 45 errants
443 698 40 45 ſous
500 698 24 45 vn
547 698 25 45 air
587 698 105 46 refroidy,

166 735 58 49 Ceux
253 735 29 46 qui
301 732 77 50 boiuent
407 730 116 52 l’Hydaſpe
542 737 39 46 aux
609 736 68 47 arenes
696 734 144 50 gemmeuſes,

164 778 27 42 Et
209 777 44 43 ceux
271 777 36 43 qui
324 776 81 44 viuent
422 775 45 45 tant
485 774 36 47 aux
538 774 45 47 iſles
601 772 177 49 bienheureuſes,

164 820 36 46 Les
218 820 98 47 ſçauront
342 820 71 39 comme
440 820 54 39 nous,
511 820 36 39 qui
565 820 35 40 vos
618 820 46 40 faits
680 820 82 40 aurons
778 812 62 48 veus,

166 857 28 50 Et
212 858 18 48 les
249 858 64 47 feront
331 857 83 47 ſçauoir
441 854 0 48 à
459 850 55 52 leurs
533 850 64 50 futurs
615 848 90 51 neueux.

202 896 46 52 Car
265 896 55 48 Dieu
338 895 37 52 qui
392 894 56 50 vous
465 894 1 48 a
483 893 37 50 fait
547 892 46 45 pour
610 891 74 46 noſtre
701 890 74 47 boheur
792 889 53 48 nai¬

169 929 49 49 Vous
237 940 69 38 ant
325 930 88 50 ordonné
432 930 59 50 noſtre
510 930 98 52 ſapreme
626 930 100 53 maiſſre.
773 930 69 54 Cſtre.

166 1006 0 0 A
205 978 15 41 de
243 977 101 42 chantres
359 976 62 43 ſacrez
452 974 69 46 voſtre
536 973 56 47 ſiecle
605 972 93 48 remply,

169 1019 54 40 Pour
240 1020 45 39 tirer
303 1012 71 47 voſtre
392 1013 27 46 nom
454 1015 27 45 des
499 1009 98 51 tenebres
615 1009 71 51 d’oubly

169 1053 65 50 Nous
252 1056 64 46 auons
334 1050 110 52 d'Helicon
463 1050 9 51 la
499 1050 129 51 verdureuſe
646 1051 82 49 croupe.

169 1093 58 49 Nous
251 1093 66 49 auons
334 1094 132 47 Hippocrene
482 1094 0 46 &
523 1094 17 46 la
565 1094 115 46 neufueine
696 1095 82 44 troupe,

173 1135 46 49 Qui
231 1134 47 48 tous
294 1134 19 45 les
329 1134 54 49 iours
399 1133 80 52 eſpoint
495 1133 54 43 mille
565 1133 80 43 braues
661 1132 114 44 Sonneur!

171 1177 34 41 De
223 1176 85 42 chanter
325 1174 0 43 à
351 1171 60 46 l'enui
428 1176 34 41 vos
479 1168 129 49 immortels
625 1169 118 47 bonneurs.

202 1214 55 48 L’vn
284 1214 36 47 dira
338 1214 18 47 la
375 1215 72 46 beauié
474 1215 28 45 qui
520 1208 63 52 voſtre
602 1208 54 51 font
674 1210 64 49 decore

171 1254 28 43 La
217 1247 86 50 douceur
331 1245 10 52 de
359 1252 68 45 voſtre
444 1253 49 44 œil,
509 1252 31 46 qui
556 1249 115 49 reſſemble
689 1248 39 50 vne
745 1246 95 52 Aurore,

173 1293 86 47 Quand
277 1287 20 53 de
315 1297 68 43 rayons
401 1290 58 50 dorez
487 1293 40 47 elle
542 1288 61 52 chaſſe
620 1291 22 49 la
659 1288 57 52 nuit.

173 1333 18 47 Et
218 1336 18 44 ſur
263 1331 18 48 les
299 1330 81 49 tendres
397 1328 64 50 fleurs
477 1328 37 49 d’vn
541 1329 45 47 beau
613 1325 63 51 iardin
703 1324 70 51 relut.

203 1370 131 75 C’autredr
361 1368 130 65 lenib,que
518 1365 145 76 l'Eoblean
701 1364 77 73 mouchs
