930 1718
325 137 37 42 AV
414 137 96 40 ROV.

87 174 88 57 Filiedu
195 177 58 53 blond
282 177 59 52 golet,
361 177 58 51 confie
439 183 10 44 en
468 177 68 49 voſire
556 177 85 48 bouche.

88 224 62 45 Dont
166 224 70 45 voſtre
252 225 46 43 voix
322 225 62 43 ſucre
407 226 109 41 emprunte
539 226 8 41 la
578 227 85 39 douceu;

93 264 48 46 Qui
157 264 55 46 coule
228 264 8 45 en
260 264 71 45 noſtre
347 264 63 44 oreille
426 264 0 44 &
473 264 48 44 nous
537 264 87 43 penetre
640 264 16 43 au
679 264 61 42 cœur.

90 302 57 45 Telle
163 302 16 46 du
203 302 65 46 pylien
292 303 24 45 fut
341 303 8 46 la
373 303 57 46 douce
446 304 105 46 faconde,

91 340 64 47 Qu’on
178 340 26 47 dit
227 341 57 47 auoir
299 341 57 47 veſcu
380 341 33 47 par
429 342 40 46 trois
493 342 64 47 ſiecles
573 342 16 47 au
614 343 72 46 monde

91 377 24 46 Et
131 378 41 46 telle
188 379 32 46 fut
236 380 40 45 auſs
300 381 16 45 la
341 382 136 46 charmereſſe
502 386 62 43 voix.

90 422 28 44 La
136 419 46 48 voix
201 416 55 51 ointé
275 415 18 52 de
312 415 55 53 miel,
385 420 10 48 de
413 416 92 52 l’Alcide
532 416 112 53 Francou.

91 459 46 53 Qui
155 459 18 53 les
191 459 82 53 peuples
292 459 54 53 tiroit
364 459 37 53 par
419 459 9 53 ſa
455 459 64 53 douce
537 459 127 53 harangue,

90 500 71 48 Ainſi
181 503 30 53 que
232 505 30 51 par
282 498 101 51 chainons
403 502 101 45 attachez
524 501 0 46 à
545 500 20 47 ſa
585 498 81 50 langue

121 546 46 39 Sire,
186 546 19 39 lon
232 546 10 40 en
269 538 93 48 pourroit
380 539 75 48 feindre
473 541 19 46 de
510 542 56 45 vous
583 541 94 47 autant,

93 586 44 42 Qui
152 586 89 42 rauiſtes
263 586 8 42 ſi
285 586 37 42 hien
352 586 67 43 voſtre
433 586 74 43 peuple
522 586 125 43 eſcoutant,

91 622 126 50 Naguieres
236 618 106 56 aſſemblé
361 619 39 51 qu’à
419 623 29 49 luy
477 618 39 53 voir
535 619 19 50 les
574 617 75 50 orilles,

91 662 97 44 Beantes
206 665 44 42 pour
267 666 44 41 ouir
329 658 18 49 de
364 658 9 50 ſe
391 658 70 51 douces
479 661 131 49 merueilles,

91 725 0 0 A
127 699 17 45 le
162 707 36 38 vair
224 702 71 44 arreſſé
322 697 35 49 ſans
375 697 80 50 touſoir,
473 699 35 48 ſans
535 700 79 48 parler,

91 739 50 52 Sans
161 737 0 54 l
180 735 70 56 alemne
270 739 39 52 fans
329 736 60 55 poulz
408 738 50 53 ſans
478 737 89 54 mouuoir
597 738 30 53 ſans
644 738 72 53 filer,

93 780 101 53 Sembloit
213 780 28 52 que
259 780 83 50 fiſſent
360 779 56 48 troes,
434 779 9 49 ou
471 778 46 55 corps
535 778 103 50 bumains
654 777 48 52 ſans
719 777 47 53 vie,

93 848 0 0 A
135 828 33 39 qui
184 820 67 46 voſtre
267 818 83 48 oraiſon
375 819 66 46 auroit
458 818 58 47 l’ame
541 817 63 47 rauie.

128 864 54 42 Man
204 865 21 40 vn
247 865 65 47 autre,
333 857 33 56 plus
387 860 76 53 grane,
484 860 120 56 entonnant
624 859 12 57 ſa
654 859 111 61 chanſon,

91 900 50 42 Fera
166 898 68 45 pruire
250 897 17 46 de
292 899 59 45 Mars
368 897 184 49 l’eſpouuantable
569 900 48 46 ſon¬

96 940 53 49 Vous
166 940 79 53 peindra
271 941 44 52 tout
332 942 53 51 armé
402 942 26 51 ſar
455 942 17 51 vn
498 943 70 50 cheual
586 943 140 50 d’Eſpagne,

96 979 114 49 Rengeant
227 980 52 50 mille
297 981 113 51 eſcadrons
428 983 26 48 ſur
471 983 18 46 la
506 984 61 44 verte
585 985 131 48 campagne,

94 1025 38 45 Rs
150 1027 93 43 eniemis
262 1023 75 47 aupres
355 1017 0 53 à
383 1018 38 52 qui
439 1019 10 51 la
467 1016 65 53 fioide
551 1019 37 49 peur

96 1065 39 41 Par
154 1066 67 44 voſtre
240 1058 39 52 ſeul
298 1055 67 55 regard
394 1056 105 53 deſcendra
519 1058 48 51 dans
586 1056 9 52 le
615 1057 64 51 cœur.

96 1100 46 44 Vous
171 1095 112 54 prandirez
307 1100 30 51 as
355 1099 55 54 poing
431 1096 109 57 l’ardente
561 1100 108 51 coutelace

97 1143 27 43 On
151 1143 55 44 verra
224 1144 54 43 dans
296 1144 37 43 vos
351 1145 45 42 yeux
414 1138 109 50 l’horreur
541 1142 0 46 &
577 1139 18 49 la
613 1138 100 51 menace.

737 143 0 44 8

96 1178 93 48 Deuant
208 1184 46 43 vous
282 1182 139 47 marcheront
440 1181 9 48 le
467 1180 93 50 meurtre
579 1180 0 50 &
616 1179 9 52 la
653 1178 92 54 fiayeur.

96 1215 28 47 Et
142 1215 55 48 Vars
215 1219 37 45 qui
270 1218 101 47 condura
398 1216 64 50 voſtre
480 1216 47 51 bras
544 1216 137 53 foudroyeur,

97 1262 81 40 Fendra
202 1264 24 39 les
242 1264 121 39 Bataſſions,
379 1264 24 40 les
419 1264 89 40 verſant
524 1264 135 41 peſte-meſle.

97 1300 91 48 Comme
206 1303 46 45 eſpis
270 1298 91 50 abattus
379 1301 46 47 ſous
443 1304 9 44 la
470 1297 110 51 ſonnante
598 1296 71 52 greſſe.

97 1340 37 47 Les
153 1337 46 50 corps
218 1342 27 45 des
264 1338 93 49 ennemis
375 1337 46 50 dans
440 1337 37 50 leur
496 1338 46 49 ſang
570 1339 147 55 tramperont.

98 1380 12 55 Et
134 1378 23 53 de
181 1378 82 65 chamn
287 1379 106 66 pitenins
416 1378 130 69 lescapeaux
569 1379 141 66 remplnont.

553 1425 44 56 4v
