916 1713
398 132 28 50 AV
481 142 92 42 ROY.

178 191 29 44 La
227 188 87 47 pictoirs
343 187 29 48 qui
392 185 48 50 ceint
460 185 10 50 de
499 182 39 52 verd
557 181 78 53 laurier
654 181 31 53 ſes
702 181 97 53 temples,

150 231 30 43 Au
209 231 79 43 ſommet
308 223 30 51 des
358 222 69 52 Palais
447 226 9 48 &
486 222 20 52 de
526 224 30 50 nos
574 221 71 53 ſacrez
663 221 100 53 temples.

148 271 28 43 La
195 271 113 43 trompette
326 267 10 47 en
364 260 9 54 la
392 261 75 54 bouche
495 261 10 54 en
523 261 30 54 hie
569 261 3 54 à
588 261 141 54 l’entonner,

148 312 52 40 Fera
217 312 34 40 par
268 306 112 47 l'Eniuers
397 309 34 44 vos
448 306 103 48 louanges
568 304 85 50 ſonner.

150 339 19 49 Si
188 348 29 41 que
236 348 28 41 les
283 339 76 51 peauples
387 341 48 49 durs
454 348 28 42 qui
501 341 105 50 tremblet
625 339 38 53 ſoux
680 339 135 54 l'Arctique

151 382 57 51 Fous
227 379 114 55 viendront
359 387 105 47 preſenter
482 387 38 48 leur
549 386 66 49 ſentre
633 385 161 51 Sarmatique,

150 426 34 49 Au
209 426 51 49 bruit
285 426 17 48 de
318 427 34 47 vos
369 427 84 46 vertus,
470 427 25 46 qui
520 427 9 45 en
554 427 17 45 vn
596 428 51 44 froid
664 428 64 43 ſeiou;

150 465 111 47 Rendront
280 467 55 45 leurs
354 462 55 50 rudes
428 467 56 45 cœurs
502 462 46 50 éprs
567 461 18 51 de
604 462 65 50 voſtre
687 463 90 49 amour.

152 531 0 0 2
188 505 55 48 Rare
261 504 72 49 hgneur
352 504 135 49 d’eſtragers,
506 503 27 50 qui
551 503 18 50 ne
587 503 73 50 veulet
678 502 45 51 pour
741 502 82 51 Princes

150 549 18 40 2,
186 542 64 48 Auair
268 542 81 49 iamais
367 544 109 49 ſeigneurs
494 542 9 51 de
521 549 119 45 lointaines
656 548 127 48 prouinces,

150 589 16 37 „,
198 580 40 46 dint
254 581 24 46 les
303 580 120 47 meſoriſene
439 588 56 40 tous,
511 592 0 36 &
543 582 113 46 rarement
672 582 40 47 s’eſt
728 584 32 45 vieu

150 652 0 0 D
195 620 106 50 qu'aucun
328 629 36 41 leur
390 620 45 50 vint
452 623 0 47 à
479 622 27 49 gré
532 624 27 47 qui
577 626 27 45 ne
621 622 36 49 fuſt
675 623 18 48 de
710 626 45 46 leur
773 630 50 42 creu¬

184 667 30 43 Or
234 667 30 44 non
284 666 50 46 tant
354 662 120 52 ſeulſemtent
494 668 50 47 tonus
564 663 43 52 leur
621 663 57 53 quez
703 663 50 54 pleu,
773 663 40 55 Sire

150 706 56 44 Mais
229 706 8 44 il
253 706 47 45 vous
324 706 32 45 ont
372 705 63 47 voulu
451 705 31 47 ſur
498 705 48 47 tous
561 705 74 48 autres
647 705 56 48 elire,

150 743 21 53 Et
191 744 42 52 n’eſt
253 744 62 52 prince
346 746 10 50 en
377 739 103 57 l'Eurcope
500 745 11 51 au
531 740 116 56 bapteſme
664 739 44 57 lauë

152 784 47 49 Que
215 783 11 50 ſe
243 780 65 53 digne
326 783 37 49 que
381 782 46 50 vous
445 781 45 51 leur
509 780 109 51 Royaame
646 780 18 51 ait
682 781 82 49 trouué

152 822 52 48 Vous
222 823 52 47 auez
300 823 18 48 de
335 824 44 47 tont
396 824 70 48 poinct
483 825 96 48 ſurpaßgé
597 826 35 48 leur
647 826 98 49 attente.

154 865 84 50 Quand
266 865 65 50 voſtre
350 864 84 50 maieſté
453 864 18 50 les
490 863 0 51 a
518 863 47 51 regis
583 862 101 51 preſonte.

152 906 19 50 Et
190 907 47 49 n’eſt
256 910 28 46 pas
303 904 94 52 aduenu,
416 909 9 47 ce
444 908 28 48 qui
491 905 85 51 aduitent
595 903 75 50 ſouuen

151 944 47 52 Aux
226 942 85 54 peuples,
330 940 19 55 de
368 941 84 54 changer
481 944 0 50 &
518 947 85 47 tourner
622 939 0 54 à
641 945 47 48 tout
706 943 47 49 vent

152 986 51 47 Qui
216 986 69 47 ayant
301 986 92 47 quelque
409 986 58 47 choſe
484 986 16 47 en
516 986 42 47 leur
582 986 51 47 deſir
649 986 91 47 conceuë?

150 1026 31 46 Las
199 1025 129 47 decdaignent
347 1025 70 47 legers
436 1025 10 47 ſi
465 1025 31 47 toſt
512 1025 62 47 qu’ils
591 1024 51 55 l’ont
661 1024 69 52 receuë;

151 1067 45 47 Car
213 1067 36 47 eux
267 1068 44 46 tout
329 1068 18 45 au
373 1068 80 45 rebours
471 1069 53 44 vous
542 1068 27 45 ont
596 1062 35 50 plus
658 1061 62 51 eſtimt

151 1106 79 50 Quand
252 1106 19 49 ils
289 1105 34 50 ont
340 1105 35 50 ves
392 1105 17 50 de
426 1105 43 50 pres
486 1105 69 49 voſtre
572 1104 79 50 viſage
665 1104 55 49 aimé

151 1140 80 53 Quand
260 1141 11 48 de
291 1139 70 51 voſtre
380 1139 81 52 douceur
481 1144 20 47 ils
521 1143 30 48 ont
571 1142 10 50 eu
610 1139 142 54 comnoiſfancé

151 1186 26 46 Et
195 1186 17 47 de
229 1186 61 50 voſtre
308 1186 78 50 ſageſſe
404 1186 78 47 entiere
500 1186 137 45 experience.

150 1226 66 47 Alors
234 1223 38 50 leur
290 1222 0 50 a
318 1222 75 50 ſemblé
412 1220 56 52 quils
487 1219 130 53 reueroyent
636 1226 19 45 au
673 1226 28 45 lieu

150 1265 28 51 De
196 1266 47 50 leur
261 1262 65 53 prince
344 1260 93 54 defunét
455 1259 28 54 non
510 1264 19 49 vn
557 1260 46 52 Roy,
621 1259 47 53 mais
686 1259 18 52 vn
732 1258 62 53 Dieu.

148 1303 29 48 En
196 1299 58 53 Dieu
273 1297 106 56 tranfnus
398 1306 20 47 da
437 1300 38 53 cel,
495 1300 48 54 pour
562 1299 58 56 loinr
639 1300 77 55 banni
745 1305 9 51 le
774 1302 46 54 vice.

148 1345 20 48 Et
197 1338 48 55 faire
265 1338 135 55 commande
430 1341 9 51 la
459 1345 48 47 paix
527 1348 0 44 &
575 1342 10 49 la
604 1340 76 51 iuſtiée.

181 1380 62 63 Auſe
267 1381 61 66 quand
353 1378 12 60 le
390 1378 61 69 deſtn,
476 1379 61 68 voſtre
561 1381 37 62 tere
623 1380 36 60 tolu
