940 1723
343 130 36 47 AV
438 137 93 38 ROV.

97 178 26 45 Et
140 178 61 46 qu’au
227 179 68 45 thrône
313 180 112 45 Francçois
442 183 43 42 vous
511 183 61 42 eleuer
588 185 79 41 voulut

99 221 52 44 Que
169 221 9 44 la
204 221 61 44 Frâce
282 221 9 43 en
317 221 0 43 &
352 221 53 43 dueil
422 221 52 43 vous
501 212 78 51 tendãt
597 214 26 49 ſes
640 215 53 48 mats
710 217 67 45 chere?.

97 255 27 43 Et
142 256 44 44 vous
204 258 98 44 naurant
320 255 18 47 le
355 259 45 44 cœur
427 258 9 46 de
462 257 18 48 ſes
498 257 72 49 larmes
586 258 99 50 ameres.

99 296 56 48 Vous
174 292 75 53 vinfnes
268 295 0 50 à
287 293 19 53 ſes
334 296 28 50 eru,
381 294 66 53 voſtre
465 296 104 51 Polongne
588 299 54 49 lors,

97 343 93 39 Comme
208 333 9 50 ſi
236 337 9 46 ſa
273 333 46 51 chere
338 346 46 39 ame
402 334 159 54 abandonnoit
577 335 21 54 ſon
623 338 66 52 corps,

97 375 110 50 Eſnonne,
225 376 18 49 eſn
262 373 64 52 erdue,
344 380 9 46 &
380 377 64 49 d’vne
463 376 45 50 face
525 378 75 48 morte.

96 414 103 49 Monſira
217 414 94 49 combien
337 419 9 44 en
371 415 52 48 vous
440 422 26 40 ſon
492 420 68 42 amour
586 418 52 44 eſtoit
664 416 57 46 forte.

123 456 28 47 De
170 454 85 54 ſouſpir,
283 453 38 55 plus
340 453 65 56 airus,
424 453 10 52 de
453 453 37 58 cris
509 458 39 51 plus
565 455 122 59 eſclatans,

93 495 30 52 Ne
142 496 128 53 ſçauroyent
289 493 69 56 fendre
377 495 50 56 l’air
446 495 20 56 ſes
485 495 79 55 peuples
583 500 125 48 lamentans

93 536 30 45 Au
153 534 20 49 ſac
193 533 20 52 de
233 532 40 55 leur
293 539 90 51 Empir,
403 534 60 56 ſtant
483 542 10 44 le
513 535 117 54 Moſcouite

94 574 123 44 Vaincueux
239 577 50 42 dans
311 578 101 44 Craroüie
434 581 43 42 auec
499 582 22 42 ſon
550 583 99 44 exercite,

93 617 97 45 Mrettant
207 618 40 45 tout
274 615 2 48 à
293 612 77 53 l’eſpe,
389 618 0 47 &
428 614 19 52 de
466 623 48 45 corps
533 623 117 47 maſſacre?

91 656 30 43 Les
141 657 80 48 temple
250 659 120 49 proſfanant
390 661 0 42 &
430 654 20 53 les
470 656 71 54 boſtels
558 658 63 53 ſacrez

120 694 56 53 Telle
194 697 28 48 fut
241 694 9 50 la
278 695 83 49 douleur
379 694 19 50 de
416 698 10 47 la
444 694 74 53 vierge
537 699 18 49 de
574 697 73 53 Crete.

91 738 37 40 Par
146 739 28 43 ſon
192 739 73 46 amant
283 739 74 47 laiſſe
375 739 18 44 en
421 739 27 43 vne
466 739 37 50 iſſe
521 739 82 47 ſeulete?

91 773 71 47 Apres
180 778 27 43 que
234 773 9 49 le
261 775 62 49 cruel,
341 773 9 51 du
377 775 80 51 Dedale
484 776 70 52 ſauué.

91 816 43 42 Eut
150 812 43 46 tout
210 812 25 47 j’or
260 812 17 48 de
294 814 26 46 ſon
345 817 42 44 pere
404 821 43 41 quec
463 819 43 44 elle
523 815 74 49 enleué,

90 849 35 50 Tel
143 850 0 49 &
187 851 26 50 tel
230 852 27 50 fut
274 854 9 49 le
301 855 61 50 dueil
379 857 9 48 de
406 858 17 48 la
449 860 141 50 Sidonienne,

93 897 133 53 Quandelle
245 897 29 47 eut
293 897 28 51 veu
350 897 67 51 partir
436 898 9 46 la
464 898 57 44 fatte
540 898 141 45 Phrngienn?

91 939 36 41 De
144 935 18 45 ſes
180 933 71 48 haures
269 937 106 46 courbez,
393 937 0 47 &
429 936 97 50 pariurer
544 936 9 50 la
571 936 51 51 foy,

90 972 93 48 Promiſe
199 973 118 47 inuiolable
334 982 8 38 en
367 979 118 41 coniurale
502 977 41 43 loy,

90 1016 49 41 Cent
159 1012 29 46 fou
217 1012 79 48 maudit
315 1010 98 53 d’amour
433 1022 9 41 la
462 1012 68 53 torchne
550 1013 137 55 inſortune.

91 1056 85 49 Apella
204 1057 46 47 mille
269 1057 37 51 fois
325 1058 56 46 Fne,
400 1058 75 53 ingrat
494 1059 46 48 Ene

90 1098 145 40 Outrageant
253 1099 18 40 ſon
298 1090 46 51 beau
368 1094 39 48 chef
431 1102 22 41 en
467 1094 40 50 ſoye
524 1096 154 52 blondiſſant,

87 1135 31 45 Son
146 1136 98 45 eſtomach
265 1137 134 45 d’alhaſtre,
413 1138 1 44 &
450 1139 24 43 ſon
502 1139 31 43 ſein
554 1140 112 43 innocent.

91 1198 0 0 2
129 1171 21 47 Ce
168 1171 51 58 n'eſt
237 1177 19 52 pas
276 1183 29 46 peu
334 1183 19 46 de
373 1171 68 58 perdre
460 1183 19 44 vn
499 1173 68 53 prince
586 1171 145 53 debonnaire.

91 1241 0 0 1
131 1216 39 51 Qui
190 1215 49 52 aime
258 1213 20 54 ſs
307 1216 49 50 ſuiets
376 1222 10 43 &
425 1213 30 52 qui
474 1216 40 49 leur
533 1213 30 51 ſert
582 1215 20 49 de
622 1217 47 46 pere.

87 1277 0 0 2
126 1254 90 50 Comme
233 1254 51 51 oous
302 1254 71 52 faites,
389 1254 62 52 Sire:
468 1253 21 54 ils
508 1253 31 54 ont
557 1254 40 53 bien
616 1254 118 54 argumeur

90 1316 0 0 D
124 1294 28 51 De
168 1299 98 46 requerir
281 1299 2 41 à
307 1299 54 46 Dicu
386 1298 53 45 qu’il
456 1298 44 47 dure
517 1297 157 48 longuement.

86 1329 51 58 C’eſt
155 1329 42 56 tout
215 1337 12 46 ce
245 1334 42 54 que
305 1332 12 56 ie
336 1333 50 55 puis,
407 1332 20 53 qui
447 1329 30 53 par
497 1341 60 41 vpœux
587 1329 119 58 ordmnaire;

86 1374 111 67 A’mpartune
232 1372 25 60 ſan
282 1375 24 63 fpn
343 1382 12 53 ne
380 1374 36 64 bans
441 1375 61 59 faint
539 1375 109 49 urélaires,

542 1427 1 16 4
580 1424 2 41 v

763 132 0 38 8
