902 1723
390 152 30 17 BV
480 137 95 33 ROT,

152 172 56 42 Paur
224 172 63 43 Pheur
311 172 16 44 de
343 172 63 45 voſtre
430 173 32 45 vie
477 173 16 45 &a
525 175 48 45 qu’il
588 176 56 45 veus
660 177 32 45 ſoit
707 177 78 46 permt.

153 217 29 40 De
201 212 120 47 gauuerner
332 212 50 49 long
399 214 69 48 temps
487 221 47 42 nous
553 222 29 42 vos
601 219 86 46 peuples
706 216 95 51 commis.

155 252 47 49 Que
220 249 103 54 touſiours
341 251 9 52 la
378 252 94 53 victuire
489 262 151 46 accompagne
656 263 30 46 vos
703 263 94 48 bandes,

150 290 45 48 Soit
213 290 64 48 allant
295 290 81 50 inueſſir
394 290 28 50 les
440 291 82 50 troupes
538 294 155 49 Alemandes,

150 334 36 45 Sot
213 331 9 46 le
240 330 45 49 brun
312 331 117 53 Eſpagnol,
447 334 9 43 ou
483 338 9 40 le
510 335 74 47 Breton
608 343 82 43 mutin,

152 373 26 41 Ou
204 377 42 38 ceux
272 377 94 40 qu’entre
383 377 52 41 deux
461 377 51 42 mers
529 377 60 44 ſepare
606 377 143 46 l’Apennin.

155 414 47 48 Que
218 415 24 47 les
266 416 39 47 Rois
321 416 95 47 ennemus
431 418 32 46 qui
487 419 48 45 vous
549 420 73 44 feront
636 421 9 43 la
667 422 88 43 guerre,

149 447 164 52 Abandonnez
342 449 19 52 de
380 449 58 54 Dieu
457 451 68 54 ſoyent
544 453 77 53 chaſſez
650 452 9 54 de
679 456 38 52 leur
736 453 66 52 tere.

150 486 97 48 perdent
264 489 62 47 gloire
343 495 0 41 &
387 491 97 48 Empire,
501 495 0 44 &
536 492 18 48 du
580 493 99 50 malheur
693 493 89 52 chetifs,

149 559 0 0 A
191 533 33 45 vos
244 526 54 52 pieds,
318 528 43 50 leur
391 528 108 58 ſauueurs,
517 531 66 59 ſoyent
602 534 108 55 preſentez
728 538 96 57 captifs,

152 572 19 45 Et
199 573 28 44 que
245 576 10 41 ie
273 570 66 47 puiſſe
357 570 56 54 d’eux
432 571 55 52 faire
506 582 37 39 vne
562 574 110 53 tragedie.

150 605 126 50 Smnplabje
293 608 0 47 à
318 607 84 49 colſes-cy
427 608 126 51 qu’humble
570 615 8 44 ie
595 611 51 49 vous
671 611 65 50 dedie.

152 650 26 45 Où
205 647 104 50 iompoule
327 648 26 50 des
379 654 35 45 vors
432 652 70 49 pleins
517 650 23 51 de
552 659 45 43 ſang
623 659 0 44 &
658 659 130 47 d’horreur,

149 689 29 47 De
197 689 86 51 larmes,
303 689 9 52 de
331 689 106 56 ſanglots,
456 692 10 47 de
485 690 48 54 rage
552 697 0 48 &
590 695 19 50 de
629 693 83 51 fureur.

150 736 157 42 Dont,comme
326 729 93 50 n’eſtant
437 730 27 49 pa
483 732 19 47 de
520 739 28 40 vos
566 736 102 49 maieſtez
686 735 91 54 dignes.

149 770 20 45 Ie
187 769 49 47 n’oſe
254 769 154 52 acompagner
426 774 10 48 le
454 769 49 54 doux
531 770 58 56 chant
606 772 21 55 de
644 774 30 54 vos
692 775 103 56 Gygues,

150 809 129 49 Croaſſant
297 815 73 45 enroué
389 811 73 52 quand
480 817 9 46 ie
508 819 55 45 veux
590 814 145 51 quelquesfois

150 853 37 42 Vs
206 851 102 52 louanges
327 860 74 42 ſonner,
420 851 65 48 ſuiect
504 852 18 52 de
541 852 37 51 trop
606 855 56 50 grand
690 854 54 46 poix.

176 895 42 47 Mra
240 891 140 56 naſilletrop
396 892 64 54 foible
480 893 12 49 &
523 894 106 52 craintiue
649 897 22 45 des
690 898 96 48 vagues,

147 930 64 47 N’oſe
229 930 18 48 de
265 930 9 48 la
301 930 63 50 grand
392 932 36 49 mer
446 931 73 51 courir
536 935 20 48 les
572 933 56 51 ondes
644 935 101 51 vagues,

147 972 99 45 Lchant
264 969 107 50 touſtours
389 969 9 50 le
416 969 45 51 bord
488 972 18 49 ou
524 970 8 51 ſe
550 972 143 51 aucunesfois

149 1008 48 45 Elle
213 1012 47 42 entre
284 1016 40 39 plus
339 1016 80 39 aduant,
434 1016 40 40 c’eſt
490 1016 24 40 ſur
537 1016 16 41 les
569 1016 79 41 fleuues
664 1016 46 42 coi,

149 1048 60 48 Mais
229 1046 10 47 ſe
258 1052 40 40 vous
318 1046 10 46 la
355 1048 73 55 guidez
453 1055 45 50 qui
516 1051 39 54 eſtes
575 1052 40 49 mon
634 1055 120 52 Neptune,

149 1089 46 47 Elle
213 1091 64 46 coura
295 1096 37 42 par
350 1089 46 50 cœut
414 1094 46 47 ſans
478 1091 75 51 crainte
569 1091 147 54 d’infortune,

149 1134 35 40 Ne
201 1127 113 49 redoutant
332 1128 26 49 les
375 1131 70 47 roc,-les
471 1130 61 50 Srtes
558 1140 18 41 ny
593 1131 17 50 les
628 1133 85 50 bances,

150 1170 35 49 Ny
203 1171 35 53 que
256 1171 26 47 les
300 1172 52 47 vents
370 1172 79 48 eſmeus
463 1173 39 47 luy
517 1174 99 48 donnent
632 1175 38 47 par
683 1176 22 47 les
719 1176 81 48 filancs,

152 1237 0 0 S
195 1213 112 46 prochaine
333 1213 181 46 d’abyſmer.Car
531 1213 35 46 qui
583 1213 26 46 eſt
626 1213 9 46 en
660 1213 18 46 la
695 1213 66 46 garde

153 1275 0 0 1
196 1250 45 77 P'pu
269 1251 73 81 Iigéd
370 1252 45 81 bus
443 1253 30 78 que
501 1253 190 64 puiſurunétſ
734 1255 86 53 enuie

465 1358 0 23 1
