925 1723
89 384 472 73 ARGVMENT
669 393 74 67 DE

146 456 41 48 LA
235 458 460 67 TRAGECOMEDIE

244 511 30 51 DE
321 506 273 65 BRABAVANTE.

271 607 181 37 MAZAULIS
472 593 105 54 Saraſins
596 596 76 53 furent
691 594 65 56 rom¬

285 585 166 43 2.1.

281 635 21 52 us
321 633 1 54 &
352 631 91 56 chaſſtez
472 635 91 52 deuant
582 637 71 57 Paris,
672 640 89 55 Roge;

277 674 119 47 mbarqué
429 674 51 49 auec
506 679 76 45 antree
607 677 102 48 princes
725 681 40 45 Te¬

258 712 35 51 ſtez
316 713 19 50 de
358 714 118 50 l’armee,
492 717 35 48 eſt
543 718 85 47 ſurprie
643 720 27 45 de
694 722 67 44 tonr¬

255 758 77 42 mente
358 758 17 42 en
401 758 8 43 la
435 758 43 44 mer
504 758 137 48 d'’Afriqne.
658 758 34 49 Les
718 758 41 50 ho¬

80 779 55 51 mes
152 783 1 47 &
188 781 117 53 vaiſqe-aux
322 788 118 50 abvſme,
456 791 11 48 il
483 794 11 46 ſe
519 790 64 52 ſiuue
608 799 2 44 à
635 794 65 51 naige
725 798 34 49 ſur

83 824 27 47 vn
127 822 88 51 rocher
240 832 211 47 anquelpabitoit
466 832 20 48 vn
510 832 54 50 vieil
580 832 123 54 Hermite,
719 846 36 41 qui

80 862 137 51 l’aduerriſt
233 866 20 48 de
269 867 38 48 ſon
332 867 65 50 ſalut,
413 868 2 50 &
441 871 37 48 luy
495 871 46 50 fait
558 873 191 53 recongnoiſtre

81 901 182 53 Leſus-chriſt.
279 907 119 50 Roland,
416 910 118 50 Oliuier,
552 917 0 43 &
588 913 81 49 Sobrin
697 925 0 38 y
721 925 38 38 a¬

83 941 83 49 tiuent
182 947 50 44 auec
257 944 99 48 Renant
372 946 17 47 an
414 947 82 47 retour
521 949 17 45 du
562 951 67 45 cœſat
645 950 25 46 de
686 954 73 43 l’iva¬

83 983 57 46 duſe,
158 982 103 51 reſnonis
278 988 19 45 de
325 988 10 46 la
362 984 130 54 rencontre
520 987 19 53 de
557 990 93 52 Roger
669 992 0 51 &
697 996 28 48 de
742 993 10 52 ſa

81 1020 152 49 conuerſioan
257 1024 18 45 cu
299 1023 77 48 noſtre
399 1024 35 48 Foy
468 1027 17 46 ils
510 1028 134 48 accordent
669 1034 92 44 mara¬

81 1060 19 52 ge
124 1063 66 50 entre
207 1061 28 52 luy
261 1066 1 48 &
288 1063 146 52 Pradamate
460 1068 100 48 laquelle
577 1066 10 51 il
604 1069 92 48 aimoit
713 1071 37 47 pas

80 1100 123 48 mutuelle
222 1099 132 53 aſſecdion.
372 1101 29 52 Et
420 1106 47 48 tous
495 1104 122 54 enſemble
646 1107 110 54 rempar¬

83 1139 72 49 quez,
181 1143 0 46 &
216 1141 107 51 abordez
341 1147 18 45 en
385 1143 107 52 France,
510 1145 187 54 s’acheminent
714 1148 0 51 à
732 1152 18 48 la

81 1178 64 49 Cour
172 1179 19 49 où
218 1180 18 49 ils
264 1181 118 51 trouuent
400 1183 28 50 les
446 1184 200 53 Ambaſſadeurs
665 1188 18 50 de
710 1189 45 50 cõ.

80 1217 81 51 ſtantin
186 1219 144 51 Empereur
346 1226 20 45 de
391 1222 99 50 Grece;
507 1224 107 50 enuoyez
631 1227 64 48 pour
712 1229 44 47 ne¬

81 1259 81 56 gotier
180 1260 10 55 le
217 1261 99 54 mariage
352 1262 82 53 d’entre
470 1264 54 51 Leon
560 1265 27 50 ſon
614 1265 27 50 fils
660 1266 0 49 &
696 1266 62 49 Bra¬

80 1300 102 47 damate
208 1300 38 47 que
263 1300 19 48 le
300 1300 56 49 Bere
373 1300 1 49 &
409 1302 10 48 la
446 1304 55 47 mere
528 1302 146 52 deſiroyent
693 1306 61 49 auoil

80 1341 57 49 pour
152 1341 113 50 gendre.
284 1341 28 50 Et
330 1341 56 51 pour
413 1341 10 51 ce
450 1341 19 51 ne
487 1341 102 53 veulent
608 1342 74 52 point
700 1351 47 44 ouir

83 1379 69 66 Parler
171 1380 25 63 de
215 1381 92 61 Roger,
328 1382 79 62 ſimple
440 1376 124 65 cheualier
584 1376 116 68 Dequoy
712 1385 40 54 de,

531 1422 68 58 4vi
