908 1723
145 202 177 48 meſurément
355 195 102 48 indigné
490 195 1 43 &
532 195 128 42 enflambé
693 195 18 39 de
735 195 85 40 colere

146 239 89 45 contre
254 229 59 54 Leon
343 230 0 52 &
372 230 39 52 ſon
431 237 69 44 pere,
519 228 71 52 cauſe
607 232 20 47 de
646 226 30 53 ſon
715 228 108 50 meſpris,

149 277 53 50 part
212 274 184 52 ſecrettement
412 274 27 48 de
455 273 18 48 la
489 272 69 48 Cour
574 271 18 47 au
617 270 78 47 deſceu
728 268 86 47 meſme

147 314 20 50 de
187 315 19 48 ſa
226 317 59 46 ſœur
304 310 157 52 Marphire,
481 302 207 57 tresbelliqueuſe
715 302 109 54 damoy¬

145 354 66 48 ſelle:
227 353 2 47 &
254 351 3 49 à
273 353 30 46 fin
329 352 20 46 de
367 349 83 48 n’eſtre
477 347 111 48 cogneu,
604 343 76 49 chage
697 349 20 41 le
734 338 75 51 blaſon

148 390 21 55 de
186 390 31 55 ſes
234 391 87 52 armes,
339 391 1 48 &
368 386 30 52 ſur
416 386 39 50 ſon
483 385 39 49 eſcu
550 383 39 49 fait
607 379 97 51 peiidre
722 385 39 41 vne
789 383 37 40 yi.

147 440 72 42 corne
245 429 117 51 blanche.
379 427 19 51 Il
415 425 109 52 delibere
550 425 99 49 donner
675 422 100 50 iuſques
802 428 18 41 en

149 475 75 48 grece
251 469 56 53 pour
334 466 48 54 tuer
400 466 56 52 Leon
483 468 1 49 &
521 460 150 56 deſpouiller
697 459 129 53 Cõnſtan.

146 519 29 40 tin
203 519 19 39 de
241 519 28 38 ſon
297 508 123 48 Empire,
436 509 52 45 tant
502 507 4 46 à
533 507 20 45 ſin
580 504 20 47 de
618 502 86 49 s’oſſer
722 508 39 41 cet
779 507 47 41 em¬

150 551 168 57 peſchement
335 550 30 53 là,
391 551 40 52 que
455 546 57 54 pour
538 543 11 51 ſe
566 542 95 52 rendre
677 539 49 52 plus
742 540 84 48 reſpe¬

149 591 81 49 ctable
256 590 45 48 vers
328 587 125 50 Aymon,
480 584 80 50 eſtant
587 581 98 51 qualifié
712 583 18 47 du
765 585 36 44 nom

149 631 177 48 d’Empereur.
344 625 10 51 Il
382 623 65 53 arriue
474 625 1 50 à
502 620 113 54 Belgrade
642 624 29 48 ſur
697 620 11 52 le
744 618 83 53 poinct

153 673 39 47 que
207 672 28 49 les
253 670 101 53 armees
380 668 38 53 des
435 666 74 50 Grecs
527 666 1 47 &
572 664 38 52 des
636 661 120 54 Bulgares
773 659 55 46 s’al¬

146 713 88 43 loyent
257 707 138 47 choquer.
410 706 25 45 Et
458 706 97 44 voyant
578 708 41 40 que
650 700 34 46 dés
707 699 17 46 le
755 700 71 44 com¬

149 752 164 44 mencement
341 744 20 51 de
380 743 10 52 la
408 743 98 52 charge,
524 741 21 54 le
563 741 50 54 Roy
630 740 89 55 Vaſtan
746 745 77 49 mort.

147 790 29 51 ſes
195 791 57 53 gens
271 786 134 58 s’eſtoyent
434 784 115 56 rompus,
567 783 2 50 &
605 779 117 58 eſtoyent
748 781 77 50 chau¬

150 829 110 55 dement
280 830 149 53 pourſuiuis
449 829 40 51 par
508 823 31 54 les
568 821 110 56 Grecs,
697 821 11 50 il
737 818 11 51 ſe
777 821 49 46 mel

147 895 0 0 à
185 867 95 50 donner
317 864 95 51 dedans
440 863 66 51 leurs
525 860 104 54 troupes
658 860 28 53 de
714 862 57 46 toute
809 859 9 52 ſa

159 903 122 56 Juiſſance.
298 903 13 53 Il
328 904 24 52 en
369 900 42 55 fait
430 897 162 57 tresbuſcher
611 900 22 51 vn
652 894 71 56 grand
752 900 71 48 nom¬

150 949 58 44 bre,
231 946 1 46 &
264 944 59 47 entre
346 942 83 48 autres
445 941 9 48 le
478 944 91 44 nepueu
602 939 25 47 de
651 939 172 47 l’Empereur.

150 986 28 46 Ce
205 986 40 52 qui
262 986 47 47 fait
327 986 104 50 prendre
468 986 66 47 cœur
552 982 39 51 aux
627 976 132 53 Bulgares,
783 976 26 52 qu

149 1026 51 49 ſous
219 1023 12 52 la
249 1022 83 54 faueur
361 1022 22 54 de
401 1022 31 52 cet
452 1022 123 52 incogneu
603 1012 153 60 repouſſent
775 1016 49 48 bra¬

152 1063 104 54 uement
275 1062 57 52 leurs
351 1062 133 49 ennemis,
503 1062 57 47 auec
588 1061 85 51 grande
702 1061 121 47 occiſion.

150 1102 147 48 Retournez
317 1099 20 52 de
356 1098 20 53 la
395 1096 79 56 chaſſe
493 1101 10 43 le
533 1095 78 56 prient
631 1097 195 51 vnanimement

152 1139 81 58 d’eſtre
253 1138 50 54 leur
323 1137 70 56 Roy:
414 1140 10 47 ce
454 1134 50 53 qu’il
524 1134 91 53 refuſe,
635 1132 0 55 &
675 1131 50 56 paſſe
745 1133 71 54 outre

150 1187 17 42 en
201 1184 118 46 intention
353 1182 143 48 d’executer
521 1181 34 48 ſon
589 1179 101 45 deſſein.
715 1178 9 47 Il
749 1177 67 47 arriue

152 1217 42 56 dés
212 1217 13 55 le
243 1217 43 55 ſoir
304 1220 2 51 à
325 1211 185 60 Nouengrade,
529 1210 21 52 où
580 1217 144 49 recongnen
753 1216 1 46 &
784 1206 39 55 de¬

150 1261 105 49 couuert
273 1261 17 44 au
317 1259 184 50 gouuerneur,
518 1259 9 48 il
544 1259 27 47 eſt
597 1258 44 47 pris
658 1258 0 45 &
693 1257 79 45 deualé
799 1257 17 43 en

153 1300 32 43 vne
216 1294 52 49 baſſe
289 1292 63 51 foſſe,
373 1292 21 51 où
423 1292 13 51 il
454 1292 24 51 eſt
496 1300 75 42 retenu
601 1292 106 50 quelque
727 1294 94 54 temps.

150 1339 132 51 attendant
301 1337 28 54 ſon
358 1337 132 51 execution
518 1335 19 48 de
556 1332 75 54 mort.
649 1331 58 53 Lcon
735 1333 28 51 qui
782 1334 28 47 l’a

155 1378 51 57 voit
229 1378 39 68 veu
290 1377 64 60 auec
377 1374 163 69 adniration
563 1372 138 69 combatrte
724 1372 39 65 ſon
798 1371 14 67 ar
