932 1719
86 194 46 40 mee
154 194 0 40 &
192 194 53 41 faire
268 196 45 40 tant
336 196 22 41 de
381 196 68 42 beaux
472 197 53 43 faits
548 197 113 45 d’armes,
676 199 89 44 enten¬

86 224 63 45 dant
163 225 71 46 qu’on
256 228 9 44 le
294 229 103 46 vouloit
418 232 56 45 faire
503 235 117 46 mourir,
634 238 79 46 eſmeu
735 241 16 44 de

90 262 62 53 gitié,
167 264 107 51 delibere
291 266 26 49 de
335 267 17 48 le
370 268 123 47 ſauuerEt
517 272 2 43 à
535 272 63 50 ceſte
613 274 29 49 fin
666 275 89 50 ſieſtant

80 297 46 52 Faiõ
152 299 182 53 ſecrettement
351 306 146 49 introduire
514 312 28 43 de
559 313 46 43 nuit
622 310 19 47 és
658 310 100 49 priſons

80 342 9 44 iil
107 343 35 45 l’en
169 344 71 47 retire
258 346 0 46 &
293 346 9 47 le
329 347 80 50 meine
435 349 18 49 en
471 350 35 49 ſon
533 351 80 50 logis.
631 353 62 46 Mais
720 355 42 41 in¬

81 382 136 47 continent
232 385 85 46 apres,
334 390 76 43 ayant
427 386 126 50 entendu,
570 389 67 49 auoir
654 392 42 48 eſté
722 393 41 48 pn¬

81 415 45 48 blié
151 423 36 42 par
204 421 79 47 toutes
300 422 27 47 jes
352 425 71 47 terres
449 424 18 49 de
484 426 115 51 l'empire
623 429 132 52 d’Occidet

84 459 37 53 que
147 461 144 54 quiconque
308 465 126 53 voudroit
452 469 116 51 eſpouſer
586 472 178 52 Bradamanté?

81 504 88 40 deuoit
191 506 8 39 la
228 506 140 43 conquerir
390 509 0 40 à
412 509 81 43 forces
522 511 103 44 d’armes
647 513 117 44 comba¬

78 540 46 45 tant
148 535 56 52 auec
228 538 47 51 elle
299 540 170 54 pair-à-pair,
496 547 98 50 s’aduiſa
621 548 17 50 de
665 550 89 51 mettre

78 579 20 47 en
132 574 21 54 ieu
188 575 30 54 ſon
252 579 150 54 cheualier.
437 583 29 51 Et
483 584 30 51 de
538 584 58 53 faict
612 586 21 51 le
658 589 94 51 ſupplia

79 617 21 46 de
126 618 106 48 vonjoir
258 623 59 45 pour
342 625 29 44 luy
400 622 0 47 &
447 626 47 45 ſous
513 623 28 49 ſes
569 631 76 43 armes
673 631 75 45 entret

80 656 85 54 Contre
181 657 39 53 elle
246 666 12 45 en
293 663 122 49 combat,
432 662 140 52 s’aſſeurant
599 664 29 51 de
655 664 10 51 la
692 668 65 48 vain¬

78 693 30 50 cre
135 696 39 48 par
201 695 10 50 ſa
239 698 86 50 vertu.
342 699 30 50 ce
409 700 48 52 qu’il
483 706 24 47 ne
529 703 31 51 luy
595 705 31 51 oſa
652 707 105 52 refuſer.

81 739 58 48 pour
164 740 25 47 les
214 741 115 48 fraiſches
363 744 157 48 obligations
545 747 58 46 qu’il
627 748 67 46 auoit
727 750 31 45 ſur

75 779 33 42 luy
130 780 40 42 Sur
185 781 55 43 cetre
264 782 79 44 fance
358 783 24 44 ils
406 784 189 47 s’acheminent
609 787 25 45 en
657 788 87 47 France

77 813 20 46 où
134 814 60 54 Leon
220 816 12 52 ſe
259 817 108 51 preſente
393 820 2 48 à
413 820 223 58 Charlemagne,
653 825 40 51 qui
720 826 37 50 fait

77 853 104 45 trouuer
204 857 182 46 pradamante.
410 862 48 43 Elle
489 860 56 47 pour
567 868 17 40 ſe
614 864 137 48 deuelope;

77 893 36 47 des
138 893 163 51 importunes
326 898 147 50 pourſuittes
498 902 37 47 des
559 901 190 53 Ambaſſadeurs

77 933 19 46 de
120 935 54 46 Leon
208 933 87 50 ſeſtoit
312 944 157 43 auparauant
485 944 97 45 aduiſce
598 944 149 48 d’impetrer

75 972 19 46 de
119 972 162 50 l’Empereur
307 975 54 49 ceſte
397 976 187 53 declaration:
611 982 142 50 preſumans

77 1016 39 46 que
131 1018 62 45 Leon
215 1018 31 46 ny
263 1015 67 50 autre
347 1016 114 51 ſeigneur
487 1015 124 53 Chreſtié,
627 1017 50 52 fors
694 1025 56 45 Ro¬

75 1054 37 49 ger
131 1054 55 50 ſeul,
205 1054 18 50 ne
242 1057 19 47 la
279 1054 121 51 pourroit
418 1058 148 49 conquerir.
585 1057 83 50 Roger
696 1062 55 46 con¬

75 1088 72 53 traint
165 1092 32 50 par
216 1094 12 48 la
246 1090 73 53 force
337 1094 22 49 de
377 1099 32 44 ſes
428 1097 152 48 promeſſes,
598 1098 63 48 entre
679 1100 23 49 en
721 1101 30 53 li¬

75 1138 17 44 ce
115 1138 51 43 auec
189 1139 109 49 extreme
312 1140 91 47 regret,
420 1141 106 46 couuert
543 1142 41 44 des
600 1143 74 43 armes
699 1144 48 42 Im¬

74 1173 103 49 periales
192 1174 104 49 comme
320 1176 31 47 s’il
367 1176 47 48 euſt
430 1177 40 48 eſté
502 1177 79 48 Leon.
612 1179 16 47 Il
644 1179 103 48 combat

74 1236 0 0 &
103 1211 139 50 ſurmonte
260 1211 187 54 pradamante,
466 1213 50 53 puis
535 1214 11 52 ſe
564 1215 70 52 retire
662 1219 41 49 ſaiſ
731 1216 20 53 d¬

74 1250 168 51 merueilleuſe
267 1250 121 55 triſteſſe.
416 1252 9 52 Il
453 1254 83 50 monte
564 1253 37 50 ſur
619 1257 37 46 ſon
693 1253 55 49 che¬

73 1289 29 48 ual
130 1290 0 48 &
168 1291 67 48 entre
264 1293 9 47 au
311 1287 49 54 fond
397 1292 48 50 d’vn
473 1290 48 53 bois
540 1294 60 50 pour
614 1293 32 52 s’y
662 1294 87 52 conſi¬

74 1326 46 48 ner.
145 1328 62 50 Leon
234 1330 89 52 d’autre
359 1333 44 50 part
430 1334 89 48 ioyeux
545 1337 27 49 de
598 1338 10 47 ſa
643 1340 98 50 victoire

77 1395 0 0 P
105 1370 133 84 demande
265 1373 190 85 prughunune?
511 1378 231 68 harcoygoix)
