913 1723
793 312 32 41 res

158 212 75 39 quelle
258 209 11 40 ſe
297 201 119 47 trouuoit
437 202 16 43 en
481 201 45 43 vne
555 201 104 41 extreme
688 201 95 38 anxieté
805 202 0 34 &

178 245 151 47 erturbation
355 234 99 52 d’eſprit
480 229 125 53 Marphiſe
622 226 117 52 maintiet
756 229 80 45 qu’eſ¬

155 281 17 44 Je
189 278 70 46 auoit
284 274 96 49 promnis
404 273 105 48 matiage
534 272 1 46 à
560 271 35 47 ſon
611 268 62 49 frere
698 270 96 45 Roger,
819 269 1 44 &

159 320 86 49 qu’elle
262 322 26 44 ne
313 320 104 44 pouuoit
434 315 70 44 auoir
520 311 87 46 Leon;
632 313 34 45 que
692 308 39 50 s’il
742 314 7 44 y

156 355 103 55 rendoit
277 353 95 54 droict,
399 350 47 54 qu’il
474 348 76 55 falloit
577 347 47 53 qu’il
652 346 10 52 ſe
680 344 76 54 batiſt
773 342 58 53 anece

155 400 35 46 ſon
214 397 62 48 crere
301 395 1 48 &
335 393 44 49 que
395 392 18 48 le
430 390 138 50 victorieux
593 387 96 49 lauroit
705 384 53 49 ſans
774 390 67 42 con¬

156 434 112 56 tredict.
284 433 58 53 Leon
368 428 93 55 appuyé
479 428 28 51 ſur
534 426 10 51 la
562 423 84 53 valeur
663 423 20 49 de
710 421 37 50 ſon
774 424 64 44 che¬

158 477 88 48 nalier,
264 475 98 47 accepte
379 474 21 45 le
418 472 59 49 party
510 470 64 52 Mais
590 467 126 52 retourné
735 466 20 47 au
773 466 68 51 logis

155 518 11 50 il
193 512 87 55 entend
317 513 49 49 qu’il
394 509 39 50 s’en
461 509 29 47 eſt
509 506 67 49 allé;
595 504 58 48 dont
681 500 153 52 infiniment

161 552 169 53 deſplaiſant,
347 552 9 49 &
391 551 19 49 en
444 548 170 51 merueilleuſe
649 545 152 49 perplexité,
826 544 1 46 à

161 592 67 55 cauſe
254 595 19 51 de
291 592 11 52 ſa
329 589 141 54 promeſſe,
488 587 10 50 ſe
516 589 48 47 met
582 591 57 43 auec
666 582 29 48 ſes
722 586 57 42 gens
797 585 1 41 à
816 584 10 41 le

161 634 138 45 chercher.
316 630 18 46 Il
350 634 10 41 je
385 636 87 39 trouue
488 627 61 46 dans
566 624 19 47 ce
609 625 71 45 bois,
702 621 90 48 faiſant
814 618 21 48 de

169 678 139 49 bitoyables
325 669 112 53 regrets,
452 667 60 51 pour
536 664 39 51 ſon
603 660 147 53 infortune.
769 662 65 46 Leon

161 717 20 45 Ie
199 712 50 49 prie
266 710 70 50 deluy
370 709 138 48 decouurir
524 702 136 51 j’occaſion
688 699 20 51 de
726 699 30 50 ſon
784 699 58 48 mal¬

161 753 17 46 Il
195 755 9 43 ſe
230 749 94 48 declare
357 747 52 47 eſtre
434 747 112 46 Roger,
561 745 3 45 &
604 739 80 50 s’eſtre
707 736 89 50 exnras
818 742 27 42 a¬

166 789 113 49 cheminé
304 792 19 43 de
348 788 10 46 la
383 785 62 48 Cour
461 792 62 40 pour
539 781 19 49 le
583 784 70 45 tuer:
670 778 53 50 qn’il
748 778 27 48 eſt
800 777 43 48 re¬

165 831 46 50 folu
238 831 18 48 de
274 831 18 47 ne
320 831 63 46 viure
401 831 64 44 plus,
491 821 66 52 apres
581 819 76 52 s’eſtre
672 821 3 47 à
699 816 40 52 ſon
772 814 74 52 occa¬

165 872 48 50 ſion
238 867 66 54 priué
320 865 20 53 de
365 865 11 52 ſa
401 861 138 54 maiſtreſſe.
556 857 83 53 Eſtõné
665 855 19 52 de
701 860 56 46 ceſte
783 859 63 44 nou¬

166 908 79 54 uelle,
260 908 19 51 il
294 907 11 52 le
329 904 122 54 conſole,
467 903 27 51 luy
519 900 86 53 remet
620 900 2 50 &
655 897 96 52 reſigne
766 896 20 50 ſa
809 895 36 50 da¬

165 952 60 42 me,
241 952 1 42 &
276 947 103 46 promet
396 947 9 44 ſe
430 942 121 48 deporter
567 941 27 47 de
610 940 18 47 ſa
644 935 138 52 pourſuitte
816 933 26 51 Et

181 992 29 46 lar
220 991 23 43 ce
260 988 72 50 moyé
350 988 8 43 il
376 987 18 43 le
412 983 107 50 rameine
545 982 1 43 &
571 981 19 43 le
607 977 109 47 preſente
740 976 3 45 à
767 973 81 48 Char¬

168 1028 134 52 leniagne,
319 1025 86 51 auquel
423 1023 11 52 il
451 1020 39 53 fait
508 1022 48 47 tout
584 1024 10 40 ce
622 1015 105 53 diſcours
754 1020 11 42 en
801 1013 47 49 pre¬

169 1069 67 47 ſence
263 1064 29 49 des
320 1061 96 50 Princes
443 1059 1 52 &
472 1058 133 52 Seigneurs
623 1056 39 53 qui
680 1058 20 48 en
728 1054 48 49 ſont
803 1053 48 50 fort

169 1103 120 52 reſiouis.
313 1103 1 49 A
339 1101 104 50 l’inſtant
459 1100 112 49 arriuent
587 1099 35 47 les
647 1096 197 48 Ambaſſadeurs

172 1144 26 47 de
214 1142 113 48 Bulgarie
351 1141 36 47 qui
403 1139 138 48 racontent
557 1138 1 47 à
583 1137 87 47 Roger
694 1136 36 46 que
763 1135 10 46 le
797 1134 44 47 pais

169 1183 19 47 l’a
208 1183 58 46 eſleu
295 1183 59 45 pour
373 1183 58 43 Roy,
447 1183 5 42 &
486 1183 15 41 le
518 1174 88 50 prient
625 1176 39 46 d’en
693 1172 98 52 vouloir
806 1176 42 50 ap¬

173 1220 115 55 prouuer
306 1217 124 55 l'election
449 1218 1 50 &
487 1215 48 52 aller
563 1210 115 54 receuoir
696 1212 11 49 la
735 1210 114 49 couron¬

172 1265 37 44 ne.
227 1263 29 47 Ce
283 1257 187 54 qu’entendant
488 1254 94 51 Aymon
608 1251 1 46 &
636 1247 94 50 Bearrix
767 1250 47 47 acco

176 1305 54 41 dent
247 1296 198 49 treſuolontiers
462 1294 19 48 le
498 1292 108 49 mariage
632 1290 19 49 de
668 1290 54 49 leur
739 1287 73 51 fille,
829 1292 10 44 la

179 1339 75 52 quelle
276 1335 103 52 aduertie
405 1336 20 45 de
451 1334 28 47 cet
496 1331 110 51 lieurenx
633 1331 1 49 &
660 1324 110 55 ineſperé
796 1324 55 51 ſuc¬

179 1378 39 64 ce,
240 1379 15 55 en
277 1379 77 66 reçoit
377 1375 39 60 vne
438 1372 125 66 indncible
587 1366 138 71 laigreſſe,
748 1365 111 70 Charle¬
