908 1723
374 138 47 44 AV
494 137 130 45 ROX.

160 189 94 56 Mais
287 185 71 60 tout
380 178 82 67 ainſi
484 178 60 59 qu’à
577 178 106 61 noſtre
716 178 116 63 Dieu,

162 249 24 52 de
220 243 59 60 qui
302 238 82 66 vous
407 236 83 65 eſtes
512 236 130 62 l’image
676 233 1 64 &
734 233 27 61 la
789 236 39 55 vi¬

162 307 26 49 ue
227 291 324 69 repreſentation,
587 289 81 67 nous
705 287 130 69 faiſons

159 348 67 67 ſans
252 344 213 75 l’offenſer,
484 346 36 71 de
557 342 202 72 religieuſes
794 353 5 52 o

160 410 146 59 frandes
334 409 49 56 des
412 407 98 56 biens
528 413 59 47 que
616 403 88 55 nous
732 401 98 54 tenos

163 466 31 59 de
224 468 22 56 ſa
266 465 136 58 bonté,
422 462 136 59 i’eſtime
598 472 54 47 que
692 464 74 53 moy
787 464 10 52 &

163 532 79 52 tous
275 519 114 62 autres
434 519 170 62 Francois
637 516 24 57 ne
716 512 114 64 ferons

165 579 102 62 choſe
288 574 261 67 preiudiciable
581 580 47 56 aux
660 571 114 65 droits
796 568 35 59 de

165 634 106 61 voſtre
313 627 245 65 ſouueraineté
589 627 1 58 &
642 626 128 58 denoir
801 625 33 55 de

163 689 112 60 moſtre
311 684 212 64 obeiſſance,
546 690 26 56 en
608 691 76 55 vous
718 676 126 65 conſa¬

166 748 101 57 crant
289 744 46 60 les
368 745 91 59 fruits
491 740 24 64 de
547 739 103 64 noſtre
694 739 146 64 labeur,

166 805 170 59 combien
388 801 65 59 que,
473 798 65 61 ſans
579 797 65 59 ccla
686 796 75 58 vous
802 792 33 60 les

166 858 133 69 puiſſiez
329 855 39 61 de
391 858 85 57 vons
500 851 143 62 meſmes
667 847 167 62 inſiemer

167 916 158 61 aduouer
360 915 85 58 pour
468 910 146 64 voſtres.
637 914 25 62 Et
697 909 137 65 dequoy

169 973 225 67 pourroyent
432 972 55 60 nos
526 966 146 67 pauures
698 962 146 64 Muſes.

172 1030 59 65 que
260 1032 87 61 vous
380 1023 141 66 receuëz
554 1032 2 52 &
601 1018 187 65 embraſſez
833 1019 12 57 ſi

172 1082 202 66 cheremet,
396 1078 239 70 recognoiſtre
669 1086 48 52 vos
751 1075 96 64 bien¬

170 1143 70 62 faits
275 1142 47 67 que
357 1142 48 64 par
427 1141 60 61 nos
521 1138 189 63 poëtiques
730 1137 119 60 chan¬

171 1203 107 61 ſons?
300 1197 36 66 La
370 1190 189 70 poſterité.
581 1192 119 56 SIRE,
729 1184 121 62 incor¬

173 1250 155 72 ruptible
351 1251 73 67 iuge
458 1247 25 64 de
517 1248 61 66 nos
602 1244 167 71 actions,
782 1250 67 60 en¬

176 1311 145 67 rendant
356 1310 51 65 par
429 1305 13 66 le
477 1302 110 69 fidelle
622 1305 158 64 rapport
816 1297 25 67 de

179 1370 63 79 tant
270 1368 33 77 de
347 1364 94 92 liures
470 1360 202 84 eſtrangers
697 1361 51 82 qui
774 1354 79 80 ſur¬
