925 1717
286 148 54 42 AV

403 154 138 36 ROVS

90 197 147 54 uiuront
259 197 115 64 noſtre
404 198 117 63 ſiecle,
540 201 36 59 les
607 203 160 55 admira¬

91 249 72 63 bles
187 245 97 65 effets
320 247 24 64 de
380 250 49 59 vos
465 248 192 69 heroiques
682 254 82 60 ver¬

91 308 75 55 tus,
210 305 201 67 blaſmeroit
470 303 106 67 noſtre
624 304 130 64 ingrate

90 358 359 65 mecognoiſſance,
482 363 30 57 de
533 367 144 58 n’auoir
714 372 51 56 par

87 418 61 58 nos
185 416 134 64 plumes
355 414 123 66 teſtifié
513 419 25 62 la
562 417 97 66 grace
696 422 61 64 que

90 472 83 56 Dieu
225 469 84 60 nous
350 470 52 59 fait
434 476 31 54 de
507 473 83 58 viure
632 473 72 59 ſous
736 475 20 57 la

90 524 116 60 douce
238 525 190 62 ſubiection
491 526 64 62 d’vn
597 527 21 62 ſi
650 529 95 61 grand

90 587 251 55 Monarque,
363 587 54 56 que
455 590 33 55 les
529 589 133 58 nations
703 590 52 59 qui

90 632 159 63 abontét
269 639 43 57 les
332 636 191 65 frontieres
553 642 22 60 de
605 643 156 63 Sevthie.

90 701 59 46 out
188 692 334 60 ambitienſtment
560 698 197 58 recherché

88 760 86 53 Pour
214 752 148 62 maiſtre.
403 756 23 58 Ie
456 760 22 55 ne
519 756 107 60 crains
646 756 106 61 point

91 812 62 56 que
180 813 82 54 ceux
291 814 51 52 qui
371 815 92 56 aurõt
492 816 182 59 approché
703 817 51 57 des

88 862 130 57 ravons
251 863 25 58 de
309 864 107 62 voſtre
449 865 176 66 Maieſté,
647 871 38 58 me
714 877 49 51 in¬

87 925 83 62 gent
201 923 81 64 pour
304 921 70 64 cela
407 921 185 64 deborder
625 931 24 51 en
680 922 82 63 lou¬

87 979 100 52 anges
232 974 278 65 immoderées:
532 978 146 65 attendu
721 982 34 60 les

87 1030 104 57 belles
224 1034 1 55 &
270 1034 310 66 recõmandables
610 1041 151 64 parties,

88 1081 82 58 dont
209 1084 112 58 noſtre
361 1084 81 60 Dien
482 1100 81 47 vons
593 1102 0 45 a
644 1095 102 55 rendu

88 1142 136 67 d’eſprit
256 1149 2 58 &
312 1144 25 60 de
380 1148 101 62 corps
515 1146 11 60 ſi
560 1149 201 66 accompli¬

91 1203 92 53 Vous
219 1196 67 67 face
322 1202 16 56 ſa
374 1201 143 67 bonté,
539 1206 107 62 SIRE
682 1218 79 53 pro¬

87 1258 117 61 ſperer
226 1257 256 67 longuement,
504 1262 3 61 &
568 1264 79 59 vous
670 1267 91 55 don¬

85 1320 35 44 ne
140 1317 92 52 entre
264 1316 115 59 autres
410 1319 147 61 felicitez
601 1329 58 46 vne
691 1329 68 53 po¬

85 1366 110 72 ſterité
223 1367 69 81 telle
318 1379 56 69 que
402 1385 82 61 vous
511 1374 125 75 deſirez
662 1378 84 74 pour

538 1438 31 77 27
