2592 3508
772 356 0 0 8

985 316 159 72 EPISTRE
1192 316 1 69 A
1240 315 38 69 u.
1313 314 37 69 DE
1386 312 179 70 LANOEE.

766 429 23 47 vn
823 408 169 67 demi-dieu
1026 407 146 67 habitant
1195 407 23 65 on
1251 406 46 66 ces
1319 406 79 65 lieux
1432 412 181 58 torrestres,
1635 422 23 46 et
1692 425 89 43 estin.

789 464 92 71 alant
907 464 26 71 de
972 464 65 72 tous
1063 464 91 72 costez
1193 464 39 73 par
1271 464 39 73 ve
1349 464 130 74 lumiere
1505 464 26 75 de
1570 464 105 75 vertus
1740 464 35 76 toy

785 532 37 70 eul
859 530 160 71 oetroyes
1044 530 49 70 par
1130 528 271 72 lomnipotent:
1426 527 222 71 Omnipotent
1673 526 108 71 enuers

760 593 50 70 voy
834 593 150 69 prodigue
1021 593 25 68 de
1084 593 37 67 ses
1146 593 124 67 graces,
1345 593 112 65 iamais
1494 593 13 64 il
1544 593 12 63 en
1606 593 137 63 calargist

787 653 97 71 ucune
908 652 109 71 eienne
1053 651 157 71 creature.
1234 651 36 69 Et
1295 651 48 69 qui
1367 650 36 69 est
1440 650 72 69 celuy
1548 649 49 69 qui
1621 648 121 69 puise.

760 716 60 70 mon
856 715 84 70 diet,
964 714 179 70 contredire
1179 713 36 69 sil
1239 713 12 69 a
1275 711 251 70 congnoisance
1562 711 24 68 de
1610 711 36 68 tes
1682 710 105 68 faiets?

763 771 66 76 vul
854 771 28 75 ne
920 771 120 74 doubte
1078 771 27 73 de
1131 771 27 72 la
1197 771 80 71 bont
1315 771 27 70 de
1381 771 14 69 ta
1433 771 120 69 nature.
1592 771 132 67 chasgun
1763 771 14 65 se

787 838 49 71 ent
860 838 24 70 de
932 838 12 70 ta
993 837 229 70 munificence.
1246 837 109 68 Toutes
1391 837 133 66 nations
1560 836 145 66 estranges
1742 836 36 64 ne

766 897 160 76 preferont
961 897 87 74 aueun
1121 897 50 72 toy
1207 897 148 71 touchant
1390 897 63 69 lart
1476 897 148 68 militaire
1660 897 26 65 et
1709 897 74 65 con.

795 958 52 71 uits
885 958 26 71 de
937 957 116 72 guerre.
1092 957 104 71 Ouant
1247 957 13 71 la
1299 956 155 71 politique
1480 956 26 71 et
1531 955 220 72 vouuernemen

772 1022 157 74 cquitable
967 1022 53 71 dvn
1058 1021 92 71 pais,
1175 1021 14 69 le
1227 1019 170 70 Piedmont
1435 1019 14 67 en
1500 1018 131 67 donnora
1669 1017 106 66 jesmoi

766 1086 119 76 mnage:
922 1085 15 75 en
975 1084 145 75 laquelle
1158 1082 146 73 prouince
1341 1082 15 70 tu
1393 1081 28 70 es
1498 1079 119 70 prasent
1655 1078 106 67 vouuez

796 1143 40 73 eun
889 1143 80 73 soubs
1009 1143 160 72 jautorite
1209 1143 27 72 du
1289 1143 80 71 Roy,
1409 1143 40 71 qui
1489 1143 27 71 ta
1569 1143 67 71 esleu
1716 1143 66 70 ceste

769 1210 138 70 charge,
956 1209 113 69 comms
1119 1209 150 68 personne
1306 1208 100 67 idoine
1506 1208 75 65 touis
1630 1207 88 65 faietn
1755 1207 35 64 da

784 1271 74 70 tland
900 1270 116 70 conseil
1039 1270 24 69 et
1098 1270 174 69 prudonce.
1296 1269 81 68 Groy
1412 1269 163 67 seigneur
1598 1268 24 67 le
1657 1268 127 66 premie;

809 1333 13 67 es
846 1332 174 68 humainsy
1057 1331 49 68 que
1131 1331 25 68 ie
1193 1330 49 69 suis
1279 1329 136 70 lhomme
1453 1329 12 69 le
1502 1328 99 70 moins
1626 1327 161 70 adnirant

769 1388 41 73 les
836 1388 149 73 hommes
1011 1388 69 72 ans
1106 1388 122 71 raison,
1254 1388 15 70 et
1295 1388 96 70 cause
1417 1388 217 69 vehemente;
1661 1388 67 68 mais
1755 1388 38 67 ios

805 1451 80 74 ortus
912 1451 27 73 et
966 1450 187 74 pertections
1180 1449 134 74 inmies
1341 1449 93 73 mont
1461 1448 67 74 rauy
1568 1447 121 74 iusques
1769 1447 14 73 la

786 1514 52 76 que
878 1514 31 74 ur
944 1513 63 74 tous
1042 1513 14 72 ie
1091 1513 147 72 tadore:
1263 1512 24 69 et
1324 1512 62 68 ceste
1422 1512 184 67 aftection,
1631 1511 12 64 la
1680 1511 85 63 poste

778 1578 50 70 Frit
865 1576 161 71 lignorera
1063 1575 13 70 si
1101 1575 49 70 mes
1187 1573 137 71 oeures
1347 1572 150 71 meritent
1521 1570 199 71 immortalit
1757 1569 25 70 de

809 1637 62 73 om.
896 1637 50 72 Foy
983 1637 75 71 feray
1096 1637 24 70 fin
1170 1637 25 70 de
1232 1637 63 69 mon
1332 1637 137 68 epistre,
1506 1637 13 67 te
1556 1637 100 66 priant
1693 1637 25 65 de
1755 1637 35 64 rel

781 1703 74 65 chet
880 1702 87 66 auoir
1004 1702 12 65 ce
1053 1701 75 66 mien
1165 1700 74 67 liure
1264 1699 74 68 pour
1375 1697 173 69 aggreable.
1586 1697 24 69 De
1647 1696 75 69 Lyon
1759 1695 25 70 c

784 1759 128 71 dormier
935 1759 65 71 iour
1036 1759 28 71 de
1100 1759 52 71 may
1188 1759 53 71 mil
1263 1759 66 71 cind
1364 1759 79 71 cents
1478 1759 166 71 quarante.
