2592 3508
778 335 32 74 10

1176 343 0 72 V
1239 342 138 73 PrVpEE

1024 429 1 73 a
1064 429 275 72 Pronuneiation.

995 494 157 76 Lorigine
1191 494 170 76 d’aueunes
1387 494 169 76 Dictions,

992 558 25 73 La
1054 558 137 73 Maniere
1228 558 37 73 ds
1290 558 62 73 bien
1401 558 137 73 traduire
1562 558 87 73 d’vne

1039 613 110 79 langue
1190 617 14 75 en
1259 619 124 73 auitre,

982 676 107 68 Lart
1122 678 174 70 oratoire.

980 737 116 69 L’Art
1119 733 177 72 Poetque.

807 856 84 70 Mais
927 856 72 69 pour
1034 856 12 69 ce
1082 856 60 68 que
1178 856 12 68 le
1226 856 60 67 dict
1321 856 120 67 opuure
1477 856 36 66 ast
1549 856 24 65 de
1608 856 84 65 grand
1728 856 56 64 im¬

766 917 181 84 portance,
975 917 32 81 et
1035 916 77 81 qu’il
1140 916 2 80 y
1185 916 92 79 eschet
1321 916 1 77 v
1381 916 91 76 grand
1501 915 136 75 lapaur,
1666 915 118 72 cauoil

775 979 14 76 Et
817 979 154 76 extreame
1012 979 182 75 iugement,
1222 979 55 75 ian
1319 979 168 74 differeray
1529 979 14 74 la
1584 979 182 74 publicauon

766 1043 104 76 Cpour
895 1043 27 74 ne
960 1044 14 73 la
999 1044 196 72 preipitery
1233 1044 118 69 iusques
1377 1045 0 67 à
1429 1045 65 66 daux
1546 1045 13 65 ou
1611 1045 78 64 trovs
1728 1046 62 62 ans.

763 1099 41 76 ce
832 1099 137 76 pondant
997 1099 13 75 u
1051 1099 138 75 tayderas
1230 1099 41 75 des
1299 1099 206 74 intrucuons
1532 1099 41 74 qui
1601 1099 68 74 vont
1697 1099 14 73 en
1752 1099 27 73 ca

763 1164 125 78 present
916 1163 97 78 liure.
1041 1161 125 79 Lequa,
1208 1161 0 78 i
1249 1160 14 79 ia
1291 1158 153 81 congmois
1471 1156 98 82 testre
1596 1154 181 83 aggreapie!

766 1219 14 78 ie
820 1219 82 78 seray
929 1220 67 76 plus
1023 1220 95 76 encin
1158 1221 0 74 à
1199 1221 13 74 ie
1253 1221 54 74 bion
1348 1222 94 72 noir,
1483 1223 13 70 et
1523 1223 135 70 portairs
1686 1224 27 68 js
1740 1224 27 68 de

766 1289 143 70 meurant
944 1289 36 69 des
1016 1289 59 69 mon
1123 1289 213 68 entreprinse.
1372 1289 143 66 Combien
1562 1289 48 65 que
1645 1289 48 65 ven
1740 1289 24 64 at

766 1347 96 65 tends
886 1348 71 65 plus
993 1349 48 65 tost
1077 1350 251 68 contontement
1352 1352 36 66 de
1423 1353 12 66 la
1471 1353 156 68 posterité
1662 1355 48 67 que
1746 1356 36 67 du

789 1409 70 65 iecle
894 1409 150 66 present:
1079 1410 35 65 car
1160 1410 11 65 le
1206 1410 81 66 cours
1334 1410 34 67 des
1415 1410 104 67 choses
1554 1411 162 68 humaines
1751 1411 34 68 est

769 1467 56 76 ul,
868 1467 42 76 que
952 1467 14 76 la
1008 1467 84 76 vertu
1134 1467 28 76 du
1204 1467 113 76 viuant
1345 1467 42 76 est
1429 1467 154 76 tonsiours
1625 1467 98 76 enuiée
1766 1467 24 76 eu

769 1528 162 79 deprimée
957 1530 54 77 par
1038 1530 215 77 detracteurs,
1293 1533 41 74 qui
1374 1533 14 74 se
1428 1534 134 73 penseont
1589 1535 188 72 aduantager

795 1596 0 70 n
847 1595 196 71 roputation,
1082 1595 52 71 s’ils
1173 1594 195 72 meaprisont
1394 1594 39 72 les
1472 1594 130 72 labeurs
1628 1593 144 73 d’autruy

772 1648 81 79 Mais
880 1649 148 78 lhomns
1054 1650 27 77 de
1108 1650 121 77 sçauoir
1256 1651 27 76 et
1310 1651 27 76 de
1364 1651 53 76 bon
1458 1652 161 75 iurement
1646 1653 27 74 ne
1700 1653 80 74 doibt

772 1715 148 74 regardeor
947 1715 0 74 à
987 1715 54 74 tola
1068 1715 161 74 reuours,
1270 1715 13 74 et
1310 1715 67 74 plus
1404 1715 54 74 tost
1485 1715 53 74 s’on
1579 1715 134 74 mocquer
1753 1715 27 74 qu

769 1780 79 67 jout.
887 1779 92 69 Ains!
1017 1779 132 69 faisant,
1187 1779 14 69 ie
1239 1778 210 71 poursuiuray
1497 1778 56 71 mon
1601 1777 96 73 effort
1758 1777 5 73 e
