2592 3508
1136 350 192 79 uaxcoyvi

1655 371 53 49 47

716 446 156 68 atondray
920 444 119 68 legitime
1075 444 48 67 los
1147 443 36 67 de
1219 443 12 67 la
1267 441 179 68 posterité;
1482 444 48 63 non
1578 441 144 65 d’aueuns

716 504 115 74 Miuanta
868 503 52 72 par
944 502 64 72 trop
1045 501 102 71 pleins
1169 499 231 71 d’ingratitude
1435 498 28 68 et
1486 497 142 68 mamjas
1663 496 64 66 ve.¬

710 564 78 76 loir.
813 564 155 75 Contente
1007 564 39 73 toy
1084 564 65 73 pour
1188 564 64 72 ceste
1291 564 90 71 houre
1420 564 26 70 (õ
1485 564 103 69 peuple
1627 564 77 68 Fran

716 630 62 74 voys
802 630 13 73 y
839 630 26 72 de
901 629 13 72 ce
950 628 76 73 petit
1050 627 149 72 geuure,
1223 626 13 70 et
1273 625 87 71 prons
1384 624 75 70 pour
1483 623 100 70 ploige
1607 622 121 69 j’atog.

713 689 52 73 tion
816 688 40 73 que
894 688 14 71 ie
946 687 91 72 porie
1062 687 1 70 à
1101 687 40 70 ma
1179 686 209 70 renomméa;
1413 685 52 67 que
1503 685 118 66 dedans
1646 684 66 65 quen

719 754 56 76 que
800 753 98 76 tomps
938 753 15 74 ie
992 752 16 74 te
1034 751 139 74 rendray
1198 750 139 73 parfaict
1376 749 126 71 joeurs
1541 748 179 70 desusdiet

716 809 41 76 Et
783 809 15 75 al
824 809 124 75 auleuns
974 809 14 74 se
1028 809 151 74 delectent
1205 809 28 72 en
1273 809 28 72 tol
1328 809 137 71 labour,
1491 809 55 70 ola
1573 809 82 69 mest
1682 809 41 68 que

716 871 53 73 bon
836 871 53 72 que
929 871 106 72 pleust
1075 871 0 71 à
1115 871 106 71 pieu,
1248 871 53 70 que
1341 871 66 69 nour
1447 871 27 69 vn
1514 871 13 68 il
1567 871 0 68 y
1607 871 26 68 on
1673 871 64 67 eusl

716 935 117 73 mille:
859 935 39 73 car
950 935 39 72 par
1028 935 52 72 tela
1119 935 104 72 efforis
1262 935 13 71 le
1301 935 65 71 plus
1392 935 143 71 parfaiet
1561 935 52 70 sera
1652 935 65 70 cong

719 999 77 70 neu,
835 999 26 69 et
899 998 13 70 en
964 998 180 70 demeurora
1183 998 13 69 la
1247 997 91 69 gloire
1376 997 26 69 au
1453 997 52 68 bien
1557 996 167 69 entendant

716 1052 28 76 la
772 1052 113 76 langus
913 1053 98 75 ratne
1053 1054 14 74 et
1095 1054 197 74 rancoyse,
1320 1056 70 72 pour
1432 1056 14 72 le
1474 1056 112 72 moins,
1614 1057 28 71 de
1670 1058 57 70 mon

719 1119 104 70 cosué,
861 1119 13 70 ie
913 1118 155 70 taséheray
1107 1118 26 70 de
1158 1117 78 71 fairs
1275 1117 51 70 mon
1365 1117 129 70 dehuoir
1533 1117 13 70 en
1585 1116 26 70 ai
1636 1116 91 70 noble

722 1175 26 76 ẽt
774 1175 116 76 louable
929 1176 78 74 pase
1033 1176 206 73 tomps.-vray
1278 1177 26 71 est
1343 1177 39 70 que
1421 1177 0 70 à
1459 1177 117 70 iestois
1602 1178 129 68 enuioux

722 1239 36 70 du
794 1239 60 69 bien
890 1239 167 69 dautruy,
1093 1239 12 67 ie
1141 1239 36 66 me
1225 1239 192 66 deporterois
1452 1239 24 64 de
1524 1239 24 63 ce
1584 1239 72 62 mion
1704 1239 33 61 jal

719 1297 107 74 Pour:
853 1297 67 74 pour
947 1297 27 73 ce
1000 1297 54 73 que
1081 1297 53 73 iay
1174 1297 121 73 conneu
1335 1297 67 72 telle
1429 1297 187 72 ingratitude
1643 1297 81 71 entré

719 1362 41 70 Jes
787 1362 148 70 hommes
962 1362 27 70 de
1030 1362 54 70 mon
1124 1362 122 70 temps,
1287 1362 40 70 que
1368 1362 67 70 coux
1476 1362 40 70 qui
1543 1362 54 70 ont
1624 1362 14 70 le
1678 1362 65 70 plus

725 1423 143 78 Prouffité
901 1422 42 76 aur
980 1422 65 75 mes
1083 1422 129 73 oeuures
1236 1421 65 71 Sont
1339 1421 39 69 les
1416 1421 141 67 premiers
1595 1420 52 65 qui
1685 1420 39 63 tas

725 1486 97 72 chent
857 1486 25 70 de
918 1484 158 71 deprimer
1111 1483 62 69 mon
1208 1482 134 69 renom:
1377 1481 62 67 mais
1474 1480 73 67 pour
1571 1480 61 65 jeur
1667 1479 70 65 mes.

734 1543 108 73 bhante
881 1542 122 73 nature,
1029 1542 28 72 is
1096 1542 28 72 ne
1150 1541 149 72 laseray
1338 1541 28 71 de
1392 1541 162 71 produyre
1593 1540 42 71 par
1675 1540 40 70 ou

728 1607 64 70 pures
830 1606 12 70 le
880 1606 51 70 don
969 1605 26 71 de
1033 1605 88 70 grage
1159 1604 51 71 que
1248 1604 13 70 le
1312 1603 139 71 Greateur
1502 1602 38 71 m’a
1578 1601 76 72 faict
1679 1601 61 71 tant

756 1672 0 67 n
805 1671 13 68 la
855 1670 247 68 congnoisance
1139 1669 25 68 de
1214 1669 12 67 la
1263 1668 112 68 langue
1412 1667 99 68 Latine
1548 1667 49 67 que
1635 1666 24 68 de
1696 1666 25 67 ma

731 1727 190 73 matormelle
948 1727 189 73 Francoyse.
1165 1727 40 73 Et
1232 1727 14 73 ce
1286 1727 55 73 tout
1368 1727 13 73 à
1408 1727 163 73 l’homaur
1611 1727 14 73 et
1652 1727 91 73 dloird

737 1783 32 82 da
794 1783 49 82 juy
883 1782 78 82 cluy
987 1782 45 81 seu
1075 1782 134 81 autheur
1252 1781 16 81 de
1311 1781 60 81 tout
1400 1781 104 80 bieny
1532 1780 60 80 età
1621 1780 118 80 Mytuté
