2592 3508
744 344 34 79 18

956 353 56 66 PV
1079 351 138 69 PRVDiE
1270 347 242 76 InRcOYS.

740 435 24 73 de
809 435 14 73 ja
868 436 84 71 chos
996 437 166 69 publique.
1195 439 130 66 jaquelle
1359 440 25 64 ie
1418 441 118 63 mretara
1581 442 48 61 aux
1675 443 60 59 mri

740 502 65 76 diets
843 503 26 75 de
908 503 64 75 tous
998 504 52 74 mes
1088 505 116 73 enuioux
1243 506 26 72 et
1295 507 219 71 dotraſteurs,
1553 509 38 69 qui
1630 510 0 68 à
1656 510 26 68 la
1707 511 26 67 fin

737 572 24 68 Se
807 572 186 68 trouueront
1028 572 140 68 trompez
1203 572 23 68 en
1273 572 93 68 moy,
1401 572 46 68 car
1482 572 59 68 leur
1587 572 163 68 meschant

734 622 129 76 langage
902 623 25 74 ne
979 624 39 73 me
1056 625 52 71 cert
1146 626 52 70 que
1250 627 51 68 d’vn
1353 627 141 67 esgutlon
1546 629 0 64 à
1585 629 12 64 ja
1636 630 116 63 vontu:

737 686 63 74 tout
838 686 13 73 au
902 686 126 73 rebours
1066 687 25 70 de
1116 687 26 70 ce
1180 687 88 69 qu’ils
1293 688 215 67 vouldroient
1533 688 26 65 de
1596 689 64 63 moy
1698 689 60 63 pro¬

764 745 81 79 eder.
872 747 81 77 Mais
993 749 14 75 ie
1047 750 95 74 sçay,
1182 752 108 72 comme
1330 754 14 70 il
1384 754 68 70 lauſt
1492 756 135 68 tromper
1667 759 81 65 telles

731 803 101 74 Destes
869 805 189 73 chauséos,
1083 807 25 71 et
1146 808 13 70 en
1196 809 76 69 tella
1297 810 163 68 prudonce
1498 812 201 67 consumeray
1724 815 25 64 jd

734 877 191 70 demeurant
961 877 23 70 de
1020 878 36 69 ma
1092 878 71 69 vie,
1199 878 143 69 taschant
1378 878 154 69 tousiours
1568 879 24 68 de
1640 879 118 68 porpe¬

734 932 75 73 fuer
834 932 62 72 mon
934 933 49 71 nom
1033 933 38 70 par
1108 933 125 70 oeures
1270 934 299 68 recommandables
1606 935 0 65 à
1644 935 12 65 la
1693 935 50 64 nos

737 993 92 74 terité
855 993 27 74 et
908 994 66 72 aags
1013 994 105 72 futur:
1144 994 105 72 lequel
1276 995 26 70 se
1328 995 158 70 irouuant
1512 995 92 70 vuvyde
1630 996 119 68 d’enuie

761 1061 0 64 n
809 1061 60 64 mon
916 1061 167 63 endroict,
1119 1061 24 63 et
1179 1061 83 63 muni
1298 1061 36 62 de
1382 1061 48 62 bon
1477 1061 144 62 vouloir,
1656 1061 36 61 ne
1728 1061 24 61 ac

734 1119 171 66 monstrera
950 1121 125 66 ingrat;
1109 1122 91 67 mais,
1246 1124 46 66 par
1326 1124 57 67 une
1428 1125 91 67 cquité
1565 1126 22 67 et
1621 1127 134 68 raigon,

734 1178 110 70 Jouera
881 1178 12 69 ce
930 1178 49 68 qui
1015 1178 37 68 est
1089 1178 24 67 de
1150 1178 97 66 louer:
1272 1178 86 65 ceste
1394 1178 159 64 esnenance
1590 1178 49 62 ma
1675 1178 83 62 jons¬

737 1236 88 76 jours
854 1236 87 76 exmeu
985 1237 0 75 à
1014 1237 131 75 oesrirs,
1189 1237 15 75 et
1233 1237 102 75 domé
1379 1238 87 74 cueur
1495 1238 29 74 de
1554 1238 131 74 prendre
1728 1239 27 73 les

734 1297 129 76 labeurs
888 1297 52 74 que
979 1297 51 73 i'ay
1069 1297 116 72 iusques
1224 1297 38 71 ioy
1288 1297 90 70 prins
1417 1297 13 69 on
1481 1297 13 68 la
1533 1297 129 67 vacaton
1700 1297 49 65 jli..

737 1362 138 73 teraire.
900 1362 62 73 Car,
987 1363 25 72 au
1050 1363 162 72 iugement
1237 1363 50 72 des
1312 1364 150 71 viuants,
1487 1364 12 71 il
1524 1364 13 71 y
1562 1364 12 71 a
1599 1365 63 70 bien
1699 1365 50 70 peu

761 1420 121 70 ’equités
906 1420 25 69 et
967 1420 121 69 racueil
1112 1420 73 68 pour
1221 1420 36 68 les
1293 1420 121 67 doctes.
1450 1420 121 67 Adieu,
1596 1420 108 66 pouple
1741 1420 12 65 la

737 1482 73 70 plus
839 1482 202 70 triumphant
1077 1483 23 68 du
1147 1483 141 68 monde,
1323 1484 59 66 soit
1417 1484 24 66 en
1488 1484 105 66 vertu,
1629 1485 47 64 voit
1723 1485 11 64 en

737 1546 181 79 Puisance.
941 1546 14 77 A
992 1546 103 76 Lyon,
1133 1546 26 74 ce
1197 1546 116 74 dernier
1350 1546 65 72 ioun
1453 1546 26 71 de
1504 1546 90 70 may,
1632 1546 52 68 j’an
1721 1546 27 67 de

740 1607 89 79 grace
856 1606 60 78 mil
943 1606 60 77 cimnd
1045 1605 89 76 cents
1161 1604 173 76 quarante.
