2592 3508
1052 584 41 72 LA
1143 584 198 71 MANIEDE

880 677 63 85 DE
1020 676 111 85 BIEN
1208 672 329 88 TRADHIDE

971 789 92 67 PVE
1099 789 106 66 Lanov
1267 789 15 65 AR
1358 789 92 65 vaal

1201 906 22 58 um

991 1084 121 64 nannere
1145 1110 33 38 té
1211 1110 55 38 rrez
1310 1110 133 38 tradune
1487 1110 0 38 &
1531 1110 44 38 vre
1619 1087 98 61 rongpé

1032 1110 176 38 PrT
1313 1110 211 38 vounrE’
1608 1110 56 38 23

950 1140 0 41 A
1002 1172 116 38 autre,
1143 1140 142 69 Mbquiét
1337 1134 271 74 principarlement
1659 1132 13 75 ci

1263 1175 0 0 J

1424 1172 73 35 2152

959 1175 0 6 L
1003 1153 111 56 autre,
1145 1141 24 64 re

746 1189 170 90 Qyatuy
946 1203 108 73 enoses.
1100 1202 31 71 En
1176 1185 125 87 premier
1330 1198 94 71 ieu,
1454 1198 16 69 il
1500 1181 78 85 taut
1623 1189 47 75 que
1700 1193 16 69 je

725 1259 168 76 pradueteur
932 1258 129 74 ontende
1100 1258 246 72 parfaictanont
1385 1258 13 68 le
1436 1257 65 68 seons
1540 1257 26 67 et
1605 1257 116 66 matiere

719 1324 25 73 de
781 1322 162 74 l’aucheur
980 1321 62 72 qu’il
1079 1319 149 73 traduiet;
1264 1319 38 70 car
1339 1318 50 70 par
1413 1317 76 70 ceste
1525 1315 199 70 intelligence

716 1426 0 0 I
770 1376 28 78 ne
825 1376 55 77 cora
920 1376 110 76 iamais
1057 1376 110 74 obeur
1207 1376 15 72 on
1262 1376 14 71 a
1316 1376 220 71 iraduction:
1562 1376 28 67 et
1617 1376 1 67 n
1658 1376 69 66 Part

744 1444 63 73 heur
844 1443 100 73 lequel
981 1443 13 72 il
1019 1443 137 71 traduiet
1206 1442 37 71 et
1268 1442 213 70 aucunemont
1518 1441 175 69 scabreux,
1718 1441 22 67 il

719 1552 0 0 J
777 1499 102 81 poura
922 1499 103 80 rendre
1067 1499 88 79 faille
1183 1499 30 78 et
1242 1499 30 77 du
1314 1499 59 77 tout
1416 1499 204 76 inteligible.
1648 1499 30 74 Et
1707 1499 27 73 de

722 1569 25 70 ce
784 1568 13 71 ie
834 1568 12 70 te
883 1567 63 71 vois
970 1566 100 71 bailler
1107 1565 136 71 exemple
1281 1563 260 72 famiieremont.
1566 1561 124 71 Dedans
1715 1561 12 70 le

722 1627 133 74 ppremier
888 1627 68 73 liurs
995 1626 39 74 des
1073 1625 157 74 quesuions
1256 1624 196 74 Tuseulanes
1478 1623 26 74 de
1530 1622 157 74 Ciceron,
1713 1622 13 73 il

728 1739 0 0 1
764 1689 3 76 à
814 1689 3 75 v
877 1688 41 75 tel
941 1688 129 75 pasage
1104 1688 104 73 latin.
1282 1687 127 72 Animum
1458 1687 90 70 autem
1597 1686 115 69 animam

776 1748 60 67 etiam
895 1749 48 67 fere
979 1749 95 67 nostri
1098 1750 167 67 declarant
1289 1751 191 66 nominari:
1504 1753 48 64 nam
1600 1753 23 65 et
1647 1753 84 65 agerd
