2592 3508
749 342 37 71 14

1107 342 26 73 LA
1196 342 178 73 aANENE

746 470 0 0 S
771 431 160 68 animam,
968 430 12 67 et
1017 427 99 69 eſtlars
1153 422 172 73 dicimus;
1348 421 26 71 et
1410 420 173 72 animosos.
1620 426 25 63 et
1670 429 73 60 bend

743 534 0 0 1
778 492 176 69 animatos:
977 492 23 67 et
1036 491 11 67 &x
1094 490 94 68 animi
1211 488 164 69 sentontia.
1410 488 58 67 Ipse
1492 487 82 67 autem
1621 485 128 68 animus

740 596 0 0 2
774 557 26 64 ab
833 554 109 65 anima
962 551 110 64 dicus
1092 549 95 62 oſt...

827 607 164 79 raduiant
1032 606 55 79 cest
1128 605 123 79 geuurs
1291 605 28 78 de
1373 603 151 80 Cioron,
1565 603 54 79 i'ay
1669 602 77 79 parié

737 679 125 72 comme
886 679 13 70 il
936 675 187 73 s’enauy..
1147 673 101 72 Ount
1284 673 1 70 à
1322 672 13 70 la
1372 669 175 73 difforonce
1583 668 39 70 cay
1658 667 38 70 iey
1720 666 26 70 de

737 744 50 65 ces
821 742 135 66 dictions
990 739 122 67 animus
1147 739 25 66 et
1208 736 134 68 anima,
1377 735 13 67 il
1425 734 38 68 ne
1498 733 25 68 s’y
1558 732 74 68 ſauit
1667 730 86 69 point

765 798 144 76 rreter:
934 797 40 74 car
1012 797 39 73 les
1089 795 105 74 facons
1232 794 27 73 de
1297 793 105 73 manler
1427 791 156 73 Launes,
1621 790 40 71 qui
1686 789 66 71 Sont

743 858 168 74 deduietes
936 858 27 71 de
988 857 40 71 ces
1065 857 66 70 deux
1169 856 91 70 mots,
1285 855 79 69 nous
1402 854 169 68 donnontà
1609 853 143 66 ontondra

748 922 86 83 qu’ils
860 920 170 82 signifant
1056 918 129 78 presque
1211 917 58 75 vne
1295 916 114 73 mesme
1436 915 86 70 eposa
1576 914 29 67 pt
1632 913 43 67 ot
1702 912 56 65 cor¬

743 982 53 76 jain
846 981 40 75 que
924 980 118 75 animuis
1066 980 40 72 est
1144 979 53 72 dict
1222 979 27 71 de
1287 978 105 70 anima
1443 978 26 68 et
1494 977 53 68 que
1585 976 92 67 onima
1715 976 27 65 as

743 1042 138 79 Porgane
933 1041 16 77 de
1002 1039 152 77 anmus,
1193 1038 111 74 comme
1343 1038 2 70 s
1411 1037 16 70 tn
1466 1036 123 70 vouois
1629 1035 56 67 qure
1725 1034 39 66 lal

746 1108 113 74 vertu,
882 1107 27 73 et
932 1104 189 75 insurumens
1156 1101 102 73 vitaulx
1293 1100 76 71 eaure
1392 1097 113 71 origine
1542 1096 26 69 de
1592 1094 172 70 Poanorit!

743 1174 26 67 et
791 1172 111 69 igelluy
937 1168 123 70 osporit
1082 1166 75 68 estre
1192 1165 26 67 vn
1253 1162 99 68 efteci
1386 1161 26 66 de
1447 1158 110 68 jadiele
1593 1156 86 67 vorin
1726 1155 1 65 v

748 1229 66 77 jale.
837 1229 41 75 Dy
915 1227 79 75 moy,
1031 1226 40 73 toy
1108 1225 54 73 qui
1186 1224 130 72 entends
1353 1222 104 70 Laun,
1495 1221 78 68 auoit
1611 1220 1 66 u
1650 1219 102 66 vos.

743 1289 55 78 ble
823 1288 29 78 de
876 1287 70 77 bien
984 1286 136 76 traduire
1158 1285 16 72 ce
1212 1284 123 71 pasaga
1373 1283 70 68 ans
1481 1282 41 66 vne
1561 1281 122 65 grands
1709 1280 15 62 tn

746 1351 165 75 telligence
947 1350 27 72 de
1010 1348 153 73 Ciesronp
1211 1347 28 70 or
1287 1346 89 69 sniche
1426 1343 139 70 donques
1615 1342 64 67 qu’il
1715 1341 39 66 est

743 1410 132 79 peroinx
917 1409 31 78 et
989 1407 162 78 ngasaire
1207 1406 2 75 à
1251 1405 60 75 tout
1353 1402 191 76 uraducteurs
1571 1400 187 74 d’antondrd

804 1470 197 81 faieuoment
1027 1470 16 78 le
1069 1469 58 78 sons
1167 1468 16 77 de
1223 1465 183 79 l’atheur,
1432 1464 72 76 quil
1530 1462 113 76 toune
1670 1461 82 74 d’ml

743 1533 108 76 Jangue
889 1532 16 75 en
956 1531 96 75 autre.
1090 1530 29 73 Et
1157 1529 68 73 sns
1264 1527 82 73 cela,
1385 1527 14 70 il
1438 1526 28 70 na
1505 1525 68 70 peut
1613 1523 135 70 traduird

765 1600 165 68 ourement
962 1598 26 64 et
1008 1591 188 70 fidelemont

798 1657 41 78 La
877 1655 123 79 veconds
1038 1654 96 77 choss
1172 1653 42 76 qui
1239 1652 42 76 est
1319 1651 122 75 requiss
1480 1650 14 73 en
1547 1648 211 74 tradueuon!

748 1726 73 67 Set
855 1724 49 68 qus
926 1723 26 67 le
986 1719 181 70 traduciour
1201 1717 37 68 ait
1260 1714 145 70 partaitte
1440 1710 168 70 congnois
1630 1708 61 69 onces
1726 1707 25 68 de

746 1783 27 75 1,
810 1780 106 77 lanque
953 1779 28 75 de
1005 1777 158 76 Pautheur
1200 1775 68 73 quil
1305 1772 157 74 traduict,
1487 1772 27 69 et
1539 1770 53 70 soit
1617 1768 131 70 paroiule
