2592 3508
1014 365 41 75 DE
1119 365 67 74 urR
1262 365 232 71 raDVvint..

1676 354 71 81 18

751 458 91 74 ment
867 457 156 74 excellent
1061 457 26 71 en
1125 457 14 71 la
1177 456 104 71 langue
1319 456 27 69 en
1384 456 130 69 laquelle
1540 464 26 59 il
1592 466 13 56 ge
1643 470 78 51 mect
1747 475 0 45 ?

751 517 155 76 traduire.
944 516 52 75 Par
1021 516 65 74 ains
1137 516 14 72 il
1189 516 26 72 ne
1253 515 143 72 volera,
1434 515 13 70 et
1485 514 220 70 namoindrira
1730 514 1 67 j

754 580 131 74 muiost
923 579 14 73 de
975 578 80 74 l'vne
1093 578 27 72 et
1145 577 105 73 Pautre
1289 575 131 73 langue.
1445 574 119 72 cuydes
1602 573 14 72 tu
1654 573 54 71 que
1746 572 14 71 ai

757 640 25 73 vn
819 639 124 73 homme
967 639 75 72 nest
1079 639 124 71 partaiet
1240 639 12 70 en
1289 638 25 70 la
1339 638 111 70 langue
1475 638 111 69 Latine
1623 637 13 68 et
1673 637 87 68 pran

751 703 116 71 coyse,
893 703 77 70 quil
996 702 90 71 puise
1125 701 52 71 bien
1215 700 142 71 traduire
1383 700 26 70 en
1447 699 155 71 Hrancoys
1628 698 129 71 quelque

779 764 87 72 raison
916 764 25 71 de
978 763 150 72 Ciceron?
1165 762 137 72 Entends
1339 762 50 71 que
1426 761 150 71 chaseune
1613 760 100 71 langue

778 833 12 70 es
838 833 203 70 propriets,
1077 833 203 70 tranlations
1328 833 12 70 en
1399 833 156 70 dietions,
1591 833 178 70 locuuons,

754 891 159 67 aubuilits
966 891 14 65 et
1019 891 212 65 vehemenges
1324 878 66 76 elle
1443 874 226 79 partioujoros.
1709 885 53 65 Les

757 949 140 74 quelles,
921 949 14 72 si
960 949 13 72 le
1011 947 179 73 tradueteur
1214 947 128 71 imore,
1367 946 14 70 il
1405 946 65 69 taict
1494 945 65 69 tort
1609 944 153 69 laumeux

760 1002 64 85 qui
869 1002 157 84 pradnies,
1056 1002 16 81 t
1102 1002 79 81 auay
1258 1002 17 79 la
1321 1002 110 78 langue
1461 1002 32 77 oy
1523 1002 17 76 ja
1585 1002 95 75 qmqe
1710 1002 1 74 i
1757 1002 15 73 je

757 1069 138 71 tourne;
920 1069 49 70 eur
994 1069 13 70 il
1044 1069 25 69 ne
1094 1069 187 69 represente
1306 1069 25 68 et
1356 1069 175 67 noxprime
1556 1069 25 66 ja
1606 1069 112 66 dionit
1756 1069 0 65 e

760 1134 136 73 richess
934 1135 24 72 de
983 1135 50 72 ces
1070 1135 62 72 deux
1169 1135 149 72 langues,
1342 1136 50 71 des
1429 1136 112 71 quelles
1565 1136 25 71 il
1615 1137 87 70 prend
1739 1137 25 70 le

757 1192 228 65 mmaniement.

820 1254 24 73 Le
882 1254 74 73 ters
993 1254 100 73 poinet
1130 1254 37 73 et
1205 1254 74 73 quon
1329 1254 174 73 traduisant
1527 1254 25 73 il
1577 1254 25 73 ne
1639 1254 25 73 ge
1701 1254 62 73 fault

760 1318 50 70 Pus
851 1317 127 70 aseruir
1025 1317 115 68 iusques
1221 1317 23 66 la
1279 1316 57 66 que
1371 1316 46 65 lon
1463 1316 93 64 ronde
1602 1315 57 63 mot
1694 1315 69 62 pour

760 1376 81 68 mot.
876 1376 35 67 Et
946 1375 12 68 si
992 1375 93 68 aueun
1120 1375 23 67 le
1178 1374 93 68 faiet,
1306 1374 58 67 cela
1410 1374 35 66 luy
1480 1373 128 67 procede
1642 1373 35 66 de
1712 1373 66 65 paun

766 1435 78 73 pret
897 1435 26 73 et
962 1435 143 72 default
1144 1435 143 72 deprit.
1326 1435 78 71 Car,
1443 1435 39 71 sil
1521 1435 0 71 a
1573 1435 26 71 les
1651 1435 127 70 quaitez

794 1493 181 76 esusdictes
1003 1493 55 76 Cles
1086 1493 111 76 quelles
1225 1493 14 76 il
1281 1493 28 76 est
1337 1493 125 76 booing
1490 1493 69 76 estre
1601 1493 14 76 en
1657 1493 27 76 vn
1712 1493 56 76 bon

766 1555 224 68 traquetoury,
1015 1555 63 68 ans
1115 1555 75 68 auoir
1227 1555 100 69 esgard
1414 1555 100 69 lordre
1564 1555 37 69 des
1638 1555 100 70 mots,
1763 1555 0 70 i

766 1621 184 62 S'arrostera
984 1621 46 62 aux
1065 1621 183 62 gentences,
1283 1620 23 63 et
1340 1620 69 63 faira
1455 1620 11 63 en
1512 1620 81 63 sorte
1639 1619 45 64 que
1719 1619 65 64 virn..

772 1677 121 79 tontion
934 1678 13 78 de
988 1679 148 77 lauuheur
1176 1681 54 75 Sera
1257 1681 175 75 exprime,
1472 1683 121 73 gardant
1620 1685 148 71 curieuez

778 1742 92 67 ment
892 1742 23 67 la
950 1743 148 67 propriet
1132 1743 35 67 de
1201 1743 69 67 lvne
1315 1744 23 67 et
1361 1744 114 67 laultre
1521 1744 114 68 langue.
1670 1745 34 67 Et
1738 1745 34 67 par

772 1803 99 71 aainsi,
908 1803 62 71 cest
995 1804 198 72 superstition
1230 1804 62 72 trop
1330 1805 99 72 grande
1466 1805 99 73 (diray
1602 1805 12 73 ie
1652 1806 124 73 besteris
