2592 3508
772 304 16 81 16

1134 304 12 73 A
1209 304 176 73 MNIERE

763 407 25 60 ou
823 393 173 73 ignorancs
1018 392 27 70 ay
1067 392 27 69 de
1128 391 196 69 commencer
1360 397 13 58 a
1409 398 172 56 taducrion
1616 403 26 47 an
1678 406 94 43 con.

792 456 167 70 encoment
993 455 25 68 de
1053 455 13 67 la
1100 453 144 69 clausule.
1278 451 84 69 Mais
1397 451 37 67 si,
1468 449 108 69 vordre
1611 448 36 68 des
1694 447 72 68 mois

754 520 169 78 peruezti,
947 520 15 74 tu
999 517 157 76 exprimes
1180 514 181 75 lintontion
1399 513 27 71 de
1464 511 78 71 celuy
1567 510 53 70 que
1658 509 13 69 tu
1709 508 40 68 tra

760 578 82 76 duis,
881 577 96 75 aueun
1030 577 28 73 ne
1098 577 55 72 ton
1193 576 82 72 peut
1314 576 191 70 reprendre.
1544 576 29 67 Je
1612 575 28 67 ne
1680 575 92 66 veul

760 637 64 76 paire
862 637 40 75 icy
939 637 14 74 la
991 637 78 73 tolle
1107 637 143 72 daucuns
1274 637 233 70 tradueleurs,
1545 637 156 67 jesquox,
1739 637 13 64 au

754 692 56 82 Jien
837 692 29 81 de
907 692 127 80 liberug,
1061 692 15 78 ne
1117 692 196 77 aupmeuent
1368 692 183 74 seruitude,
1578 692 71 71 cast
1676 692 71 69 ageca

765 764 61 72 uoir
862 763 85 71 quils
982 763 74 70 Sont
1091 762 13 69 si
1139 761 85 69 sots,
1259 760 86 69 quila
1380 759 182 68 seftorcent
1597 758 25 66 de
1657 757 110 66 rendre

757 826 71 74 ligne
881 821 72 77 pour
992 821 72 75 ligne
1118 820 15 75 ou
1187 820 58 74 vers
1284 819 86 73 pour
1409 819 86 71 vers,
1535 819 57 69 par
1632 818 127 69 laueie

784 887 75 71 rrour
883 886 38 71 ils
945 884 175 72 deprauent
1144 882 137 72 souuent
1305 882 14 70 le
1355 881 63 71 sens
1442 880 26 71 de
1504 878 150 72 hautheur
1678 877 87 71 quuiy

757 946 207 74 traduisent,
989 945 27 72 et
1054 944 208 72 noxpriment
1299 944 14 70 la
1364 943 79 70 grace
1480 943 27 68 et
1532 941 169 70 perteetion
1739 941 27 67 d

751 1004 79 74 1vne
869 1004 14 73 et
908 1003 107 73 jautre
1053 1001 120 74 langue.
1198 1001 41 72 Tu
1277 1000 14 72 te
1317 999 146 73 garderas
1501 996 225 74 digemment
1751 996 24 71 dd

777 1072 1 71 e
814 1071 73 71 vice,
910 1070 50 71 qui
983 1069 25 71 ne
1043 1067 171 72 demonstre
1249 1066 85 70 autre
1358 1065 85 69 chose
1479 1064 49 68 que
1551 1061 219 70 lingnorance

757 1133 40 64 du
833 1128 182 68 traducieur

840 1189 1 73 a
867 1187 189 74 quatrieme
1109 1187 82 72 reigle
1230 1186 55 72 que
1311 1186 28 72 is
1378 1185 81 72 veux
1499 1184 108 72 bailler
1646 1184 15 71 en
1714 1183 54 71 cest

765 1255 161 72 endroiet,
949 1254 38 71 est
1023 1253 50 71 plus
1134 1251 148 72 ohseruer
1318 1250 25 70 en
1379 1248 124 72 langues
1526 1247 50 71 non
1612 1245 161 72 reduictes

769 1318 11 64 en
826 1317 57 64 art.
917 1316 80 65 quon
1042 1314 126 65 autres.
1191 1313 137 65 Tappelle
1362 1312 125 65 langues
1521 1311 46 64 non
1613 1309 159 65 reduietes

783 1373 100 74 ncores
917 1373 15 73 en
978 1373 40 73 art
1053 1373 110 72 cortain
1200 1373 12 71 et
1249 1373 134 71 repeu:
1420 1373 110 70 comme
1566 1373 37 69 est
1627 1373 13 69 la
1676 1373 61 69 Fran

785 1440 78 74 oyse,
901 1437 194 75 ltalienne,
1133 1433 259 77 lHospaignole,
1417 1432 78 74 colle
1520 1429 255 76 dAllemaigne.

760 1497 253 72 dAngleterne,
1050 1496 14 69 et
1101 1495 102 69 autres
1240 1493 165 69 vulsaires.
1442 1492 52 68 Sil
1531 1491 127 67 aduient
1695 1490 86 66 doncl

766 1558 68 76 ques
855 1558 58 75 que
947 1558 18 74 tu
1000 1558 160 74 traduises
1186 1558 132 72 quelque
1356 1558 67 71 liure
1475 1558 79 70 Lauin
1593 1558 14 69 en
1645 1558 131 68 icelles,

760 1620 214 77 mesmement
1008 1620 14 72 en
1058 1619 14 72 la
1108 1617 200 73 Francoyse,
1332 1617 14 68 il
1370 1616 26 68 te
1419 1615 76 68 fault
1519 1614 113 67 gaurder
1656 1613 125 65 d'vaun.

791 1683 17 82 er
832 1682 84 82 mois
940 1682 58 80 trop
1035 1680 206 80 approchans
1268 1680 27 76 du
1335 1679 109 76 Lauin,
1471 1679 13 74 et
1525 1678 40 74 peu
1606 1677 95 74 vaitez
1728 1677 40 72 pal

757 1736 27 76 je
824 1736 109 75 pas:
959 1736 68 74 mais
1053 1736 150 73 contente
1229 1736 42 72 toy
1297 1736 28 71 du
1364 1736 163 71 commun,
1553 1736 69 69 ans
1648 1736 133 68 innouenl
