2592 3508
1022 298 41 75 PE
1113 298 80 74 BiER
1256 298 247 70 THANVIRE..

1682 313 62 58 TI

751 387 136 74 queunes
911 387 125 71 dietions
1072 386 174 70 tollement,
1270 386 26 66 et
1332 385 38 66 par
1406 385 137 65 curiosité
1580 395 184 52 repreben¬¬

751 444 83 76 Sible.
870 445 24 74 Ce
941 445 48 73 que
1025 446 12 71 oi
1072 446 119 70 aucuns
1227 447 83 67 tont,
1346 448 23 65 ne
1417 448 36 64 les
1488 448 84 63 onsuy
1603 449 30 61 en
1664 449 65 60 celx

776 511 14 70 ar
828 510 65 70 leur
918 509 169 71 arroçance
1124 509 27 69 ne
1189 508 78 69 vauſt
1305 507 92 69 rien,
1434 507 14 68 et
1486 506 78 68 n’est
1602 505 156 68 toierable

754 571 76 75 entre
866 571 39 73 les
929 570 77 73 cens
1030 569 139 72 scauans.
1193 568 77 70 Pour
1307 567 51 69 cela
1395 566 164 69 nontends
1583 565 52 66 pas
1659 564 51 66 que
1747 564 13 64 ie

748 634 48 67 die
831 633 48 67 que
914 632 13 67 le
962 631 180 67 traducieur
1177 629 191 67 sabstienne
1403 627 192 66 totallemont
1630 626 25 65 de
1689 625 73 65 mots

760 697 43 74 qui
829 696 59 74 tont
914 695 72 73 hons
1012 695 16 72 de
1054 693 128 73 l’vaige
1208 691 170 72 commun:
1404 690 30 70 car
1474 689 16 70 on
1530 688 72 70 acait
1628 687 58 69 piaon
1727 686 40 69 qué

770 754 0 76 a
809 754 103 76 langue
951 754 142 74 Grecque
1132 754 26 73 ou
1197 754 103 72 Latine
1339 754 39 71 est
1417 754 51 70 trop
1520 754 65 69 plus
1624 754 77 68 riche
1740 754 13 67 en

751 815 151 76 dietions,
928 814 55 75 que
1010 814 14 73 la
1051 814 178 73 Francoyse
1256 813 55 71 qui
1338 813 69 70 nous
1433 812 179 70 contrainet
1638 812 134 67 souuent

792 874 56 79 ver
875 874 29 78 de
930 874 84 77 mots
1041 874 43 76 peu
1124 874 195 75 frecuontés.
1346 874 70 72 Mais
1456 874 43 71 cela
1539 874 15 70 de
1581 874 98 69 doipt
1705 874 67 68 taird

748 979 0 0 A
796 938 168 70 jextresme
998 939 168 68 necesité.
1189 939 25 66 Ie
1249 939 60 66 sçay
1342 940 62 64 bien
1449 940 27 64 en
1509 940 98 64 oultre
1652 941 98 62 cu’aui

751 1007 75 65 purs
850 1004 188 67 pouroient
1062 1002 63 68 dire
1161 1001 51 68 que
1236 1001 14 67 la
1286 999 63 69 plus
1373 998 63 69 part
1460 997 51 69 des
1535 994 138 72 dictions
1697 994 26 71 de
1747 993 13 71 la

754 1055 108 76 langue
887 1055 176 75 Francoye
1102 1055 28 73 et
1169 1055 109 72 deriuée
1317 1055 28 71 de
1371 1055 14 71 la
1425 1055 122 70 Falme,
1573 1055 27 69 et
1627 1055 54 68 que
1721 1055 40 67 noû

751 1121 249 77 Predeceseurs
1046 1121 51 72 ont
1133 1121 50 71 hou
1231 1120 161 70 l’autorité
1428 1120 38 67 de
1502 1120 38 65 les
1589 1119 99 65 mettre
1737 1119 25 63 on

760 1181 111 70 Vaige,
895 1180 37 70 les
957 1180 172 69 modernes
1154 1180 24 68 et
1215 1179 209 68 posterieures
1449 1179 24 66 en
1498 1178 148 66 peuuent
1670 1178 108 65 auſanil

751 1239 94 73 faire.
871 1239 82 72 Tout
992 1239 55 72 cola
1087 1239 13 71 ae
1154 1239 81 71 peuit
1275 1239 134 70 dehattre
1450 1239 80 69 entre
1570 1239 199 68 babillaris!

754 1303 72 68 mais
861 1302 12 68 le
909 1301 143 69 meilleur
1076 1301 35 67 est
1147 1301 24 67 de
1206 1300 108 67 suvure
1337 1299 12 67 le
1385 1298 131 67 commun
1564 1297 142 67 langage.
1730 1297 36 65 En

765 1367 58 68 mon
857 1365 138 68 Orateur
1017 1363 162 68 Francoys
1201 1362 24 66 ie
1258 1360 162 68 traicteray
1453 1359 24 66 ce
1499 1358 105 66 poinct
1637 1357 58 65 plus
1729 1356 12 65 am

754 1422 165 76 plement,
952 1421 17 74 et
1004 1421 64 73 auec
1104 1420 64 72 plus
1205 1419 76 71 grand
1330 1417 276 70 demonstration.

813 1479 121 73 Venons
975 1479 201 73 maintenant
1203 1479 0 73 à
1230 1479 14 73 la
1271 1479 188 73 cinquiesms
1499 1479 81 73 roicle
1620 1479 41 73 que
1688 1479 90 73 doibl

767 1546 143 70 obsegruer
936 1545 26 69 vn
1000 1543 52 70 bon
1090 1538 195 74 traducteur.
1323 1537 27 72 Fa
1375 1534 105 75 quelle
1505 1533 40 74 est
1569 1532 27 74 de
1634 1531 1 75 s
1673 1528 79 77 grand

782 1606 79 71 ertu,
911 1605 40 71 que
1002 1605 65 70 sans
1105 1604 53 70 elle
1195 1603 79 71 toute
1312 1601 207 72 compoaition
1557 1600 27 71 et
1622 1599 104 71 lourde
1751 1599 24 70 el

757 1669 62 67 mmal
856 1667 173 69 plaisante.
1054 1667 87 68 Mais
1178 1666 99 69 qu’est
1314 1666 12 68 ce
1376 1665 99 69 qu’elle
1524 1664 149 70 contient?
1710 1663 49 70 rier

757 1730 83 70 autre
876 1730 83 70 chose
995 1730 47 69 que
1078 1730 226 69 l’obseruation
1339 1730 48 68 des
1422 1730 143 68 nombres
1601 1730 166 68 oratoires?
