2592 3508
781 304 19 76 19

1123 299 52 71 La
1224 298 166 71 MaNignR

766 391 72 70 S’est
873 389 156 70 ascauoir
1064 388 48 69 vne
1147 387 109 69 liaison
1290 386 25 68 et
1350 385 252 68 asemblemont
1638 394 35 55 des
1709 394 69 54 dié.

763 447 80 73 tions
870 447 67 73 auge
964 447 67 72 telle
1058 447 160 72 doulceur,
1245 447 40 72 que
1326 447 40 71 non
1406 447 161 71 seulement
1593 447 94 71 l’ame
1714 447 40 70 v’en

766 511 168 73 contente,
960 511 78 72 mais
1064 511 65 72 aus
1167 511 39 72 les
1232 511 117 72 oreilles
1387 511 13 71 en
1439 511 65 71 sont
1530 511 103 71 toutes
1659 511 91 70 rauies

763 575 24 71 et
824 575 24 70 ne
884 574 25 71 se
933 573 145 71 ſaschent
1115 573 96 70 iamais
1248 572 85 70 d’vns
1369 572 60 69 telle
1466 571 157 69 harmonie
1660 570 24 68 de
1720 570 24 67 lan

760 639 101 76 Sage:
878 638 139 75 d’vceulx
1053 636 147 74 nombres
1224 635 147 71 oratoires
1407 634 13 69 ie
1456 633 74 69 parle
1554 632 62 68 plus
1652 631 98 66 copieu

760 698 125 70 Sement
910 698 25 70 en
972 698 50 69 mon
1072 698 149 69 orateur:
1246 698 37 69 par
1321 698 75 68 quoy
1433 698 62 68 n’en
1533 698 74 68 teray
1645 698 37 67 ioy
1719 698 59 67 plus

760 754 58 84 jong
860 754 159 83 discours.
1047 755 44 79 Et
1119 755 29 78 de
1190 755 102 77 rochet
1334 756 174 74 aduertray
1551 756 14 71 le
1594 756 184 70 taquetaur

760 821 39 73 d’y
838 820 129 74 prendre
993 820 116 73 garde:
1135 820 39 73 ear
1200 819 65 74 sans
1290 819 220 73 l’ohseruauion
1549 819 39 73 des
1614 818 164 73 nombres.

760 888 33 65 oon
826 887 34 65 ne
882 886 88 66 peult
1003 885 67 65 esue
1103 883 255 66 esmerueillable
1391 882 22 64 en
1457 881 122 64 quelque
1623 879 133 64 commosi

763 938 52 76 ton
853 938 52 75 que
943 939 26 73 ce
995 939 90 73 soit:
1111 939 26 72 et
1162 939 65 71 vans
1253 939 103 71 veulx
1382 940 38 68 les
1446 940 167 68 aentoncos
1639 941 26 65 ne
1704 941 38 65 neu

760 1005 75 73 auont
873 1005 62 73 estre
985 1005 100 73 graueas
1123 1005 25 73 et
1173 1005 87 73 auoir
1298 1005 62 73 leur
1410 1005 75 73 poids
1523 1005 112 73 requis
1660 1005 25 73 et
1710 1005 62 73 lop?

754 1066 94 77 time.
874 1066 54 76 Car
954 1065 107 76 penes
1088 1065 26 75 tu
1154 1064 40 75 que
1221 1064 27 75 ce
1274 1064 67 74 soit
1367 1063 80 75 asés
1474 1062 120 75 dauoir
1621 1062 13 73 la
1661 1061 106 74 dicuon

757 1131 117 73 Popre
921 1130 30 73 et
985 1130 129 72 elegante
1166 1130 64 70 sans
1268 1129 51 70 vne
1358 1129 102 70 bonne
1498 1128 179 69 copulation
1729 1128 38 67 des

760 1186 102 71 mots;
900 1186 13 71 le
951 1186 126 70 t’aduise
1115 1186 51 70 que
1192 1186 76 70 g’est
1293 1186 101 69 autant
1433 1186 50 69 que
1521 1186 64 69 divn
1635 1186 140 68 moncoau

757 1242 39 76 de
835 1242 143 76 diuerves
1017 1244 117 72 pierres
1173 1244 170 72 predieuses
1395 1246 52 68 mal
1486 1246 208 68 ordonnges:
1720 1248 61 64 jes¬

766 1312 116 70 quelles
913 1312 26 69 ne
982 1312 140 69 peuuent
1155 1312 81 68 auoir
1269 1312 70 67 leur
1373 1312 115 66 lustre,
1522 1312 1 65 à
1567 1312 82 65 cause
1694 1312 80 64 d’vné

760 1373 189 74 cullotation
987 1373 251 73 impertinente.
1263 1373 25 73 Ou
1339 1373 63 72 s’est
1439 1373 113 72 aulant
1590 1373 51 72 que
1678 1373 25 71 de
1729 1373 49 71 di.¬

763 1438 60 70 uers
871 1438 216 70 instruments
1123 1438 167 70 musicaulx
1338 1438 60 70 mal
1434 1438 168 70 conduiets
1650 1438 48 70 par
1746 1438 35 70 les

760 1487 124 76 toueurs
911 1488 178 75 ingnoranu
1130 1489 28 73 de
1199 1490 54 72 Part
1281 1490 55 72 peu
1377 1491 150 71 congnois
1555 1492 68 69 ants
1651 1492 41 69 jes
1719 1493 65 68 iond

760 1558 38 70 et
823 1557 137 71 moaures
998 1557 25 70 de
1048 1557 25 70 la
1110 1557 150 70 musique.
1285 1556 37 70 En
1360 1556 137 70 somme,
1522 1556 63 70 c’ast
1610 1555 50 70 peu
1697 1555 25 70 de
1760 1555 12 70 la

766 1619 165 73 pplendeur
968 1619 39 73 des
1044 1619 102 73 mou,
1170 1619 14 73 si
1221 1619 115 73 l’ordre
1373 1619 13 73 et
1423 1619 179 73 coliocation
1638 1619 128 73 d’ygeulx

804 1680 41 79 est
872 1680 68 78 telle
980 1680 68 78 qu’il
1089 1680 190 77 appartient.
1306 1680 28 76 vn
1374 1680 55 76 cela
1456 1680 41 76 aur
1537 1680 55 75 tous
1632 1680 41 75 ſut
1700 1680 68 74 iais

804 1742 62 73 timé
904 1743 162 71 Isograite,
1091 1744 125 69 orateur
1241 1745 87 67 groc:
1353 1746 25 65 et
1403 1746 225 65 pareillemont
1653 1747 122 63 Demos,
