2592 3508
930 663 331 97 ESTIENNE
1360 665 265 95 POLET,

1051 786 57 67 voa
1154 786 149 67 artegnvn
1348 786 35 67 pr
1428 786 137 67 raveur,

816 865 125 61 Inmple
962 866 63 61 salut
1045 866 21 61 et
1087 867 229 61 racongnoiane
1348 868 21 60 de
1389 869 21 59 a
1431 869 125 59 libegralité
1587 870 84 59 enuers
1692 871 31 58 luy

1266 970 0 59 4

1018 1107 162 69 n’ianota
1230 1106 37 42 nas
1305 1106 0 42 ſ
1342 1106 124 42 eûonaun
1516 1106 50 39 nan
1603 1105 88 40 doice
1728 1105 25 67 in

1094 1143 89 40 Suvie
1235 1142 37 39 Pos
1316 1140 140 39 Sverôveu
1523 1137 44 38 par
1604 1137 122 37 Spite.

1031 1171 106 76 ortely
1161 1171 54 73 que
1239 1170 158 72 plusieurs
1422 1169 41 68 ne
1487 1169 41 66 s’es
1553 1169 131 64 buroutit
1708 1169 67 60 cran

1535 1198 92 41 pouppr

810 1224 127 81 ſNN
1006 1224 127 79 dement
1160 1224 15 77 de
1216 1224 86 76 veoir
1329 1224 85 75 corur
1455 1224 29 73 da
1511 1224 71 72 moy
1609 1224 29 71 ce
1665 1224 125 70 present

786 1289 153 76 Daure:
980 1288 126 75 attendu
1147 1288 42 74 que
1230 1288 43 73 par
1313 1287 29 73 le
1383 1287 70 73 pasé
1494 1287 43 72 iay
1577 1286 71 72 faict
1688 1286 15 71 et
1744 1286 40 70 tail

808 1352 108 71 ncores
940 1351 203 70 maintenant
1167 1350 168 68 protesion
1371 1349 96 67 totalle
1502 1349 24 65 de
1550 1348 24 66 la
1610 1347 96 66 langue
1742 1347 45 65 Lal

784 1409 67 76 tine,
891 1409 80 75 Mais
997 1409 0 74 à
1037 1409 67 74 cecy
1144 1409 13 73 ie
1197 1409 93 72 donne
1330 1409 66 71 deux
1436 1409 147 70 raisons;
1609 1409 94 69 ivne,
1743 1409 39 67 que

817 1473 24 70 on
889 1472 144 70 affection
1069 1472 35 68 est
1140 1472 60 68 telle
1236 1471 108 68 enuers
1368 1471 167 67 Phonneur
1571 1471 24 65 de
1643 1470 60 65 mon
1739 1470 57 64 pais

786 1531 56 79 ques
867 1530 16 79 ie
922 1530 70 78 yeux
1032 1529 124 77 trouuer
1196 1528 55 75 tout
1291 1527 97 74 moyen
1428 1527 29 72 de
1483 1526 193 72 l’illusprer.
1702 1525 28 70 Et
1757 1525 28 69 ne

778 1590 27 73 Is
831 1590 68 73 puis
924 1590 109 72 myeux
1073 1590 67 71 faire
1180 1590 40 71 que
1247 1590 27 70 de
1314 1590 134 70 ceiebrer
1474 1590 14 69 a
1528 1590 121 69 langue,
1675 1590 108 68 comme

794 1657 37 67 ont
868 1656 74 67 ſaiet
967 1655 87 68 Grocs
1104 1654 12 68 et
1153 1652 187 70 Rommains
1377 1652 12 68 la
1427 1651 74 69 leur.
1526 1649 124 71 Lautre
1687 1648 99 71 raison

826 1715 14 74 t,
879 1714 42 74 que
960 1714 55 73 non
1054 1713 55 74 ans
1149 1713 135 73 exemple
1310 1712 28 72 de
1364 1711 163 73 plusieurs
1552 1711 15 71 ie
1606 1710 176 72 m’adonnd

784 1774 0 73 à
822 1774 75 73 gests
934 1775 225 72 exerditation.
1184 1776 113 71 Quant
1334 1777 38 70 aux
1422 1778 137 69 antiques
1609 1779 63 68 lant
1709 1779 87 68 Greus

811 1838 27 70 ue
876 1836 105 71 Fatins,
1019 1836 27 70 ilz
1084 1835 78 71 n’ont
1200 1834 79 71 prins
1317 1833 92 71 autre
1447 1831 195 72 insurument
1667 1831 27 70 de
1732 1830 53 70 leur
