2592 3508
1166 327 176 72 1mernr

766 415 164 79 Soquence
970 414 55 77 que
1052 414 28 76 la
1120 413 110 76 langus
1270 412 192 75 matornolla,
1488 412 42 71 pe
1570 413 14 69 ja
1638 412 137 69 crocque

763 488 107 70 Soront
894 488 71 70 pour
1001 488 166 70 tosmoings
1191 488 237 70 Demosihene,
1452 488 167 70 Aristote,
1642 488 131 70 Platon,

766 540 163 79 laperate,
955 540 205 77 vhugvdide.
1199 540 178 74 Harodots.
1403 540 137 72 Momere
1593 540 28 70 Et
1647 540 42 69 des
1729 540 28 69 Ta

763 605 53 73 uins
856 605 27 73 ie
923 605 133 73 produis
1096 605 159 72 ciogron,
1295 605 106 71 Caar,
1441 605 160 71 Salluste,
1641 605 143 70 virelle.

766 663 121 73 oude,
914 663 134 73 lesquels
1088 663 81 72 nont
1209 663 121 72 delais
1357 663 67 71 leur
1451 663 108 71 langue
1599 663 67 71 pour
1706 663 67 70 eautrd

763 731 187 67 renommez
987 731 13 66 en
1037 730 50 67 vnie
1124 729 100 68 autre.
1261 728 25 69 Et
1323 728 50 68 ont
1398 726 149 70 mespris
1585 725 74 71 toute
1697 724 74 71 autr

791 791 62 68 inon
891 789 174 69 quaucuns
1102 789 38 68 des
1177 787 100 70 Fatins
1314 787 50 69 ont
1389 786 87 69 apris
1501 785 12 70 la
1550 784 137 70 grecque
1725 783 49 70 afin

769 844 26 76 de
833 844 116 75 acuoir
988 844 39 74 les
1053 844 64 73 arts
1156 844 12 72 et
1194 844 181 71 discinlines
1413 844 142 69 traietcos
1594 844 38 67 pnr
1671 844 26 66 les
1735 844 13 65 au

794 909 88 70 heurs
907 908 137 70 dicele.
1069 908 112 69 Quant
1206 908 50 68 aux
1293 907 175 69 modernes,
1518 906 150 69 emblable
1705 906 75 67 chose

778 973 53 76 que
868 973 66 74 moy
985 972 1 73 a
1024 972 79 73 fuiet
1128 972 144 71 Leonard
1322 971 131 68 Aroun,
1491 970 209 66 Sannanare:
1738 970 49 62 pel

778 1029 152 76 prarqus,
971 1029 110 75 Bambs
1123 1029 96 75 ceeulx
1274 1029 14 75 cy
1343 1029 152 74 ruauan,
1536 1029 27 74 et
1605 1029 14 74 en
1674 1029 107 73 Franel

775 1093 121 76 pude,
935 1087 135 79 Bouine,
1109 1087 28 76 et
1176 1087 108 75 maistre
1337 1087 122 72 racques
1511 1087 122 69 Svuus
1686 1087 104 66 Donc.

775 1156 66 76 ques
878 1155 55 76 non
970 1154 67 75 sans
1061 1152 172 75 lexemple
1257 1151 28 72 de
1322 1149 158 73 pludours
1518 1146 171 72 excolonts
1714 1145 53 69 nor

775 1218 150 74 Sonnages
961 1216 238 73 ientreprends
1235 1216 26 69 ce
1310 1215 125 69 labeur.
1459 1214 138 68 Lequel,
1634 1213 150 66 Seigneur

769 1283 83 70 plein
898 1282 24 70 de
968 1282 49 69 bon
1074 1280 190 69 iugement,
1298 1280 25 67 tu
1357 1279 166 67 recepuras
1569 1278 48 66 non
1675 1277 106 65 comme

775 1340 138 76 Parfaiet
950 1339 14 75 en
1013 1339 14 73 la
1063 1337 253 74 demonstration
1353 1336 26 70 de
1416 1335 101 69 nostre
1554 1334 127 68 langue,
1717 1333 64 65 mais

802 1398 162 75 eullement
1001 1397 113 73 comme
1150 1396 51 71 vs
1249 1393 287 73 commancement
1572 1392 138 69 d'velle.
1734 1391 50 68 cai

772 1455 28 73 1e
826 1455 55 73 say
921 1454 56 73 que
1017 1454 96 72 quand
1153 1454 15 71 on
1208 1453 110 72 vouut
1344 1453 124 71 reduire
1508 1453 15 69 la
1549 1452 110 70 langue
1699 1452 69 69 cre

806 1524 29 77 ue
859 1524 15 76 et
911 1523 94 76 Latine
1042 1522 15 75 en
1095 1521 67 75 art,
1186 1520 55 74 cola
1265 1519 28 74 ne
1317 1519 42 73 fut
1383 1517 107 74 abasolu
1514 1516 54 73 par
1592 1516 29 71 vn
1657 1514 122 72 homme

781 1589 74 68 mais
879 1588 51 68 par
966 1586 162 69 plusieurs.
1164 1585 26 69 Ce
1226 1584 38 69 qui
1300 1584 14 68 se
1350 1582 63 70 faira
1461 1579 224 72 pareillement
1709 1579 26 70 on
1771 1578 14 70 la

781 1642 104 76 langue
923 1641 208 75 prancove,
1156 1641 27 72 et
1208 1641 53 71 peu
1325 1640 53 70 pau
1416 1640 40 69 par
1493 1640 14 68 le
1545 1639 105 68 moyen
1688 1639 27 66 et
1740 1639 50 66 tral

781 1709 63 71 uail
880 1709 38 70 des
955 1708 63 70 gens
1042 1707 101 70 doctes
1166 1706 51 69 elle
1241 1705 113 70 pourra
1391 1704 63 69 estre
1490 1702 151 70 reduitte
1665 1702 26 68 on
1727 1701 63 68 telle

781 1771 170 76 Parfection
984 1771 55 75 que
1077 1771 26 75 les
1142 1771 116 75 langues
1284 1771 231 75 desusdictez.
1541 1771 0 74 A
1593 1771 64 74 teste
1696 1771 90 73 cause,
