2592 3508
1029 301 90 75 Au.
1156 302 268 73 PELAROEE.

1708 295 0 82 1

724 385 141 82 Seignaur
905 385 57 80 tout
1003 385 140 79 hunain,
1170 385 29 77 is
1226 385 15 77 te
1282 385 140 76 requiora
1463 385 29 74 de
1533 385 126 73 prandre
1701 401 0 55 &

722 456 71 70 mien
841 455 107 70 labeur
983 454 24 70 en
1054 454 72 69 gré;
1161 453 24 69 et
1209 453 47 69 sil
1292 452 24 69 ne
1351 451 143 69 retorme
1529 450 202 69 totallement

719 519 107 70 nostre
862 518 130 70 langue,
1028 518 71 67 pour
1146 517 12 67 le
1194 517 95 66 moins
1324 516 95 65 penss
1467 515 47 64 que
1550 515 59 63 cest
1657 514 71 62 com¬

719 577 212 69 moncemont
968 576 50 68 qui
1055 574 100 69 vourra
1192 571 150 71 paruonir
1379 570 0 70 à
1429 569 25 71 fn
1502 567 76 72 tolle,
1614 565 51 73 tus
1701 564 14 73 le

725 638 196 75 estrangiers
959 638 27 72 ne
1024 637 79 72 nous
1141 634 209 74 appelleront
1388 633 66 72 plus
1492 632 171 72 Parbares.
1701 631 36 70 Td

728 698 188 76 Souhuienne
969 696 82 76 auay
1104 695 14 76 en
1171 694 55 76 cest
1265 690 176 79 endroiet,
1480 689 69 78 quil
1588 687 41 79 et
1669 686 54 80 biez

722 763 125 73 diffoile
884 760 113 74 qu’vne
1021 758 89 74 chose
1146 757 51 73 aoit
1233 753 176 75 inuomige,
1433 753 26 73 et
1496 750 138 75 portaite
1683 748 60 74 touil

722 859 0 0 1
775 818 16 67 vn
842 817 97 68 coup.
963 816 150 69 Parquoy
1144 815 24 70 tu
1204 815 15 70 re
1271 814 82 71 dauips
1392 813 163 72 tononter
1607 813 15 72 de
1661 812 68 73 man

722 881 191 80 muenton,
941 881 30 78 et
999 881 16 78 ea
1058 881 133 77 atondre
1234 880 15 77 ou
1292 880 45 77 par
1365 880 89 76 moy,
1482 880 31 75 ou
1541 879 45 76 par
1629 879 114 75 auires.

719 944 28 76 la
773 943 166 76 perteuon
979 943 70 74 aue
1075 943 29 73 le
1130 942 111 73 tomns,
1268 942 97 72 ſoinot
1405 942 43 70 aus
1474 942 1 69 y
1515 941 84 70 quan
1639 941 97 68 ahonos

731 1012 130 78 grandes
895 1012 30 75 et
946 1010 157 76 diſfueiles
1127 1009 27 74 le
1191 1007 116 75 vouloir
1345 1006 90 73 doibt
1473 1004 78 73 estrs
1588 1003 91 72 asa.
1716 1002 14 70 re

725 1067 81 78 Mise
846 1067 14 77 ce
900 1067 122 77 propos,
1048 1067 27 75 et
1102 1067 14 75 te
1156 1067 81 75 veulx
1277 1067 54 74 dire
1372 1067 13 73 ce
1426 1067 40 72 qui
1493 1067 54 72 ma
1574 1067 94 71 asmen
1708 1067 27 70 de

728 1175 0 0 t
778 1133 112 71 dedior
927 1133 13 70 ce
977 1132 100 71 liuns.
1102 1131 99 71 Certes
1239 1130 149 71 Popinion
1425 1130 25 70 et
1487 1129 100 71 eatime
1624 1128 112 71 gande

734 1195 54 76 que
814 1194 54 76 i'ay
907 1194 28 75 de
961 1193 41 75 ton
1055 1192 135 75 scauoir,
1229 1191 176 74 eloquence
1444 1191 14 71 et
1497 1189 176 73 iugement
1712 1189 14 70 er

728 1253 75 71 tout
828 1251 274 72 esmerueillable,
1139 1250 50 72 m’a
1226 1249 112 72 induiet
1375 1248 0 72 à
1413 1248 12 72 en
1463 1247 74 73 faire
1575 1246 99 73 auuanit
1711 1245 25 73 où

731 1314 71 82 plus
828 1314 44 81 que
898 1312 211 82 Phumanité,
1135 1311 29 79 et
1191 1309 182 80 liberauté,
1400 1309 29 76 de
1456 1307 140 77 laqueile
1623 1307 15 74 u
1679 1306 43 74 yae

734 1376 25 71 de
795 1375 61 72 iour
892 1375 25 71 en
953 1374 85 72 iour,
1063 1374 36 71 de
1123 1374 61 71 plus
1221 1373 24 71 en
1281 1373 61 71 plus
1379 1373 12 70 en
1440 1372 60 71 mon
1537 1371 170 71 endroigt,
1731 1371 0 70 e

731 1441 26 70 ce
796 1440 64 71 sans
899 1439 91 72 aueun
1041 1439 65 71 mien
1158 1438 129 72 merite;
1325 1437 39 72 car
1403 1437 26 72 de
1481 1436 12 73 ts
1532 1436 65 73 fairs
1648 1435 91 73 aueun

731 1502 148 70 auice,
919 1499 148 72 meritant
1107 1497 54 73 tene
1201 1495 108 74 amour
1349 1493 54 75 que
1443 1492 40 76 me
1524 1491 13 76 la
1577 1488 108 79 porites
1725 1487 24 79 el

734 1560 153 74 mmonstres
926 1560 38 73 par
1002 1559 102 73 eftet,
1142 1558 51 74 gola
1232 1558 38 73 est
1296 1557 63 74 bors
1398 1556 191 74 totllement
1615 1556 25 73 de
1678 1555 51 73 mon

737 1622 147 76 Pouuoir.
920 1621 185 75 Toutogsfoys
1141 1621 75 72 pour
1252 1620 197 72 suplimont
1485 1620 25 69 du
1558 1619 136 69 pouuoir
1730 1619 14 67 la

740 1683 148 66 Roulunté
934 1684 11 66 ts
990 1684 80 67 dorbt
1104 1685 182 67 aatisfaire;
1320 1686 137 68 laquelle
1491 1687 34 67 est
1571 1688 57 67 telle
1673 1689 76 67 que,

766 1745 39 70 ans
844 1744 156 71 excoption
1039 1744 130 71 dauéun
1208 1743 142 72 humutn,
1376 1743 26 72 is
1441 1743 13 72 te
1493 1742 104 73 reuere
1636 1742 104 73 cmmé
