933 1716
167 339 36 46 AV

267 377 0 16 2

231 381 28 46 E1

300 381 44 50 D8

433 343 0 44 F

387 385 195 47 POLOIGN

271 453 43 51 ES
350 448 55 57 Rois,
421 449 74 56 enfans
511 449 16 57 du
555 452 55 54 Ciel,
618 450 43 56 ſont
677 453 19 54 de
712 456 51 51 Dieu

297 492 45 58 les
354 493 98 57 images:

261 537 97 53 Iupiter
377 539 12 47 en
412 536 58 53 prend
493 534 43 54 cure
551 539 0 49 &
594 533 23 55 les
633 537 66 49 garde
714 533 61 57 d’ou¬

312 579 80 45 trages,

85 609 29 45 Il
128 610 26 46 les
168 612 36 46 fait
222 615 90 48 reuerer,
323 613 101 49 reputant
442 612 22 48 les
486 613 104 46 honneurs

85 647 70 56 Eſtre
170 647 12 51 à
197 649 27 55 luy
244 649 77 54 meſme
337 652 62 54 faits,
407 656 54 50 qu’on
484 652 43 53 rend
550 652 12 55 à
573 652 23 54 ſes
612 653 119 55 ſeigneurs.

84 690 98 51 Quand
200 689 23 53 ils
238 695 34 48 ont
287 690 139 55 quelquefois
441 692 52 49 leurs
508 694 56 51 ames
579 693 38 54 trop
639 694 96 53 cruelles,

84 735 160 44 Outrageant
263 736 53 43 leurs
332 736 59 44 ſuiets
410 736 35 44 qui
460 736 19 45 ne
495 736 37 45 leur
551 737 41 45 ſont
611 737 97 46 rebelles,

81 772 60 44 Bien
164 770 93 55 qu’épris
272 771 19 52 de
306 770 75 53 colere,
389 770 7 51 il
411 773 23 48 les
449 770 41 50 fait
505 770 11 49 à
528 771 45 47 tous
591 770 57 47 coups

80 812 52 43 Par
149 813 69 43 ſignes
234 814 95 43 aduertir
349 815 19 42 de
381 816 27 42 ſon
434 816 79 43 ardant
532 817 127 43 courroux.

80 849 31 46 Il
127 846 81 53 trouble
224 848 46 52 l’air
286 846 23 50 de
325 848 73 54 vents,
406 847 97 52 d’éclairs
519 850 0 48 &
562 853 19 48 de
597 855 118 50 tonnerres,

80 887 33 51 Il
127 887 40 50 fait
185 888 58 52 enfler
261 890 25 49 les
301 891 65 48 mers,
377 892 7 50 il
398 893 40 48 fait
456 894 98 45 trembler
572 897 22 42 les
612 897 73 46 terres,

80 928 63 48 Fait
163 926 55 54 pallir
238 926 20 56 du
281 926 60 55 Soleil
356 928 12 53 le
384 930 63 53 grand
471 928 51 57 front
542 929 131 55 lumineux,

81 972 42 41 Ou
145 973 26 44 ſur
190 973 13 46 le
219 974 32 45 ciel
267 974 87 44 attache
374 975 19 43 vn
419 976 86 41 Comete
525 977 99 40 crineux:

82 1041 0 0 A
131 1008 19 50 fin
176 1008 188 57 qu’eſpouuantez
394 1015 18 50 de
427 1014 12 51 ſa
461 1012 49 43 dure
529 1012 103 53 menace,

81 1050 40 43 Ils
138 1052 118 47 amendent
272 1050 40 51 leur
329 1049 30 52 vie
375 1055 4 44 &
418 1050 127 48 recouurent
559 1050 15 45 ſa
594 1049 72 45 grace:

81 1089 72 50 Tant
168 1089 12 52 il
195 1089 38 51 leur
256 1089 23 49 eſt
294 1089 103 55 clement,
408 1089 0 55 &
450 1089 45 55 tant
511 1089 30 55 peu
564 1089 118 53 volontiers

81 1127 27 48 Il
127 1128 65 53 venge
211 1132 23 46 les
249 1133 88 49 forfaits
352 1132 31 49 des
398 1129 134 51 monarques
547 1130 109 47 fautiers.

113 1168 76 51 Mais
205 1165 30 52 des
251 1165 49 56 bons
315 1170 35 51 qui
365 1172 12 48 la
400 1169 42 51 paix
468 1176 0 43 &
510 1175 12 44 la
545 1173 68 45 iuſtice
629 1171 119 46 honorent,

80 1206 35 44 Et
133 1204 131 49 ſemblables
278 1211 11 42 à
303 1214 49 41 vous
370 1215 21 40 les
409 1206 99 52 cruautez
533 1208 136 53 abhorrent,

80 1248 27 43 Il
127 1250 0 41 a
150 1244 104 57 touſiours
270 1245 12 50 le
297 1245 70 57 ſoing,
375 1247 54 54 leurs
441 1251 89 52 ſceptres
541 1249 12 46 il
568 1249 137 52 maintient,

80 1290 38 45 Et
133 1291 67 47 contre
219 1294 45 41 tous
279 1288 105 52 haineurs
399 1288 41 51 leur
459 1288 90 53 querelle
568 1289 113 55 ſouſtient.

80 1325 28 47 Il
125 1326 49 47 veut
192 1330 38 44 que
247 1331 21 43 les
286 1329 73 47 vertus
376 1328 18 48 de
411 1328 42 49 leur
470 1330 46 49 ame
533 1329 126 52 enfantees,

82 1366 103 58 Comme
202 1367 85 60 celeſtes,
296 1367 68 61 ſoyent
381 1368 34 60 par
437 1367 21 60 les
479 1369 73 57 Muſes
569 1369 110 61 chantees.

512 1408 86 58 A.iiij.
