913 1718
395 137 45 34 AV
494 137 90 33 ROY.

151 186 81 39 Cõme
258 184 11 37 on
298 183 41 47 voit
357 183 37 42 que
412 177 100 51 d’Alcide
530 174 122 52 immortels
674 173 44 46 ſont
737 175 22 46 les
773 176 61 50 faiis,

154 222 59 42 Qui
228 219 11 44 la
261 221 50 42 terre
327 217 76 45 purgea
425 214 21 47 de
461 215 24 45 ſes
500 216 103 44 monſtres
621 212 100 46 desfaits:

153 259 42 45 Ou
219 259 80 49 comme
313 260 21 44 du
361 260 66 47 Pelide
445 260 20 43 eſt
479 260 14 44 la
514 260 63 45 gloire
594 261 94 38 viuante

153 297 53 43 Par
224 298 25 42 les
263 299 102 42 antiques
387 296 42 45 vers
447 294 113 48 d’Homere
578 297 39 45 qui
631 299 10 43 le
659 300 89 43 chante,

153 340 77 45 Auec
247 335 46 49 tant
310 335 94 48 d’autres
420 340 81 42 preux,
511 339 36 42 que
564 339 20 42 les
604 337 67 43 Poetes
684 336 67 44 ſaints

154 378 58 50 Ont
232 380 54 48 cõme
306 383 11 45 en
340 380 20 48 vn
383 377 86 51 tableau
492 375 51 53 dans
558 376 54 52 leurs
628 377 78 51 œuures
721 378 107 50 depeints,

184 419 41 41 Or
245 420 24 40 tel
286 420 51 41 vous
354 416 75 45 ſerez,
446 420 52 41 Sire,
508 415 58 46 apres
579 419 38 42 que
634 418 10 44 la
668 415 51 47 mort
736 413 51 49 palle

154 459 75 48 Aura
252 455 37 52 fait
308 453 108 54 deſourdir
435 453 64 52 voſtre
518 452 45 53 toile
578 458 84 47 fatale,

156 498 39 45 Et
210 495 39 50 que
269 493 62 55 voſtre
350 492 47 54 belle
413 493 54 50 ame,
479 494 81 54 hoſteſſe
576 495 46 50 d’vn
646 496 46 50 beau
716 497 59 49 corps,

154 538 127 47 Tardiue,
291 537 56 47 apres
364 536 40 47 cent
424 535 47 47 ans,
481 532 110 49 s’elancera
611 533 88 46 dehors.

156 578 57 47 Car
230 578 53 51 mille
305 578 0 43 &
347 578 53 43 mille
418 578 46 43 vers
478 578 106 43 porteront
605 578 32 43 vos
651 578 103 43 louanges

157 620 46 42 De
223 623 13 38 ce
255 617 102 44 François
370 614 66 46 ſeiour
456 613 36 46 aux
515 618 85 41 riuages
617 611 119 47 eſtranges:

156 659 34 42 Si
205 664 37 37 que
261 654 22 48 les
298 652 82 50 peuples
399 652 45 51 ards
462 654 26 49 des
507 655 97 48 chaleurs
619 651 15 53 du
660 653 68 51 midy,

154 699 52 42 Les
225 696 105 46 Tartares
349 701 82 42 errants
446 692 41 51 ſous
506 695 19 48 vn
547 695 30 48 air
592 692 107 52 refroidy,

159 736 68 49 Ceux
254 739 34 48 qui
303 731 88 56 boiuent
406 730 118 57 l’Hydaſpe
543 737 38 46 aux
604 736 76 48 arenes
695 734 147 48 gemmeuſes,

157 783 37 40 Et
212 783 44 44 ceux
279 778 36 48 qui
330 773 77 51 viuent
422 774 48 52 tant
488 772 34 50 aux
547 772 45 52 Iſles
606 770 175 53 bienheureuſes,

159 818 47 47 Les
224 814 101 50 ſçauront
343 819 80 40 comme
441 818 61 46 nous,
517 817 36 46 qui
571 817 32 47 vos
618 816 51 46 faits
687 815 83 44 aurons
784 814 55 47 veus,

159 856 37 43 Et
214 856 26 43 les
255 853 66 47 feront
340 853 81 47 ſçauoir
439 851 11 49 à
461 853 52 47 leurs
528 850 73 51 futurs
620 853 89 48 neueus.

192 894 59 48 Car
271 892 51 53 Dieu
345 891 36 55 qui
397 893 51 52 vous
463 894 0 48 a
487 889 39 51 fait
550 890 47 54 pour
613 888 67 55 noſtre
700 886 74 55 bõheur
794 890 53 50 nai¬

163 932 65 50 Vous
246 940 65 42 ayant
329 932 97 50 ordonné
437 930 64 52 noſtre
516 930 97 52 ſupreme
627 930 109 52 maiſtre,

160 1010 0 0 A
211 974 18 45 de
247 973 98 47 chantres
359 972 69 48 ſacrez
457 972 65 49 voſtre
537 970 54 51 ſiecle
609 974 96 48 remply,

160 1014 64 45 Pour
245 1011 43 48 tirer
309 1020 68 39 voſtre
391 1020 32 39 nom
455 1009 32 51 des
505 1009 92 51 tenebres
611 1009 99 51 d’oubly.

160 1058 75 41 Nous
256 1054 65 44 auons
334 1050 110 48 d’Helicon
464 1050 14 47 la
502 1047 129 50 verdureuſe
649 1049 83 47 croupe,

762 930 71 55 (ſtre

160 1098 78 45 Nous
255 1096 65 46 auons
337 1093 133 49 Hippocrene
487 1092 4 48 &
528 1091 14 49 la
566 1090 116 50 neufueine
699 1094 83 45 troupe,

163 1132 61 51 Qui
239 1132 43 49 tous
300 1132 22 45 les
336 1132 55 47 iours
409 1132 76 51 eſpoint
503 1132 54 48 mille
575 1132 76 49 braues
669 1132 108 49 Sonneurs

163 1176 48 42 De
228 1171 85 47 chanter
333 1170 10 47 à
354 1169 64 48 l’enui
435 1174 31 43 vos
486 1170 120 47 immortels
626 1168 123 48 honneurs.

194 1208 66 49 L'vn
281 1209 42 48 dira
344 1211 13 46 la
378 1211 84 46 beauté
469 1213 38 44 qui
521 1211 66 46 voſtre
604 1209 56 48 front
674 1206 85 51 decore,

164 1248 37 47 La
223 1248 88 47 douceur
329 1246 18 50 de
366 1254 66 42 voſtre
450 1253 44 43 œil,
512 1252 33 44 qui
560 1250 110 46 reſſemble
688 1250 37 47 vne
751 1248 93 49 Aurore,

166 1292 96 46 Quand
284 1292 18 48 de
317 1293 77 49 rayons
409 1294 59 41 dorez
497 1294 29 41 elle
545 1287 66 49 chaſſe
629 1287 11 49 la
662 1290 60 47 nuit,

167 1335 34 39 Et
217 1335 27 39 ſur
264 1335 20 39 les
301 1328 84 45 tendres
398 1327 60 46 fleurs
475 1331 44 41 d’vn
542 1326 47 46 beau
609 1324 67 48 iardin
703 1324 75 47 reluit.

193 1370 100 77 L'autre
309 1372 37 54 dira
367 1373 16 51 le
399 1369 58 65 miel,
467 1373 37 61 que
520 1366 153 75 l'Hybleanne
689 1365 84 73 mouche
