930 1718
320 137 47 40 AV
418 137 96 40 ROY.

80 178 64 51 Fille
159 178 19 50 du
200 178 56 50 blond
283 180 67 47 Soleil,
358 181 63 46 confit
436 183 11 43 en
474 183 63 43 voſtre
556 184 90 41 bouche:

81 223 76 46 Dont
173 222 68 47 voſtre
260 219 42 50 voix
325 222 65 48 ſucree
409 217 110 53 emprunte
535 216 11 54 la
573 218 91 52 douceur

83 263 60 44 Qui
158 260 52 53 coule
229 269 11 41 en
267 259 63 49 noſtre
345 261 68 50 oreille
431 266 0 46 &
473 261 48 51 nous
540 258 82 52 penetre
637 266 19 39 au
679 258 64 50 cour.

81 303 69 44 Telle
168 297 18 50 du
208 296 65 51 Pylien
295 296 29 51 fut
342 302 11 45 la
374 300 62 47 douce
450 297 107 50 faconde,

83 337 80 49 Qu'on
187 337 25 49 dit
233 339 55 47 auoir
309 337 52 49 veſcu
382 342 35 44 par
434 336 45 49 trois
497 337 62 48 ſiecles
577 346 17 39 au
619 337 87 48 monde:

81 380 37 46 Et
134 378 40 48 telle
191 377 30 49 fut
238 377 53 49 außi
304 380 14 46 la
341 377 143 49 charmereſſe
501 377 69 49 voix,

81 420 39 45 La
141 425 42 41 voix
208 425 53 41 ointe
279 416 18 50 de
314 416 57 51 miel,
381 417 18 50 de
417 418 95 49 l’Alcide
530 421 119 47 François,

85 459 59 47 Qui
158 461 22 45 les
199 461 80 46 peuples
294 463 59 44 tiroit
367 463 33 45 par
419 462 14 46 ſa
455 457 63 51 douce
536 456 130 53 harangue,

84 499 79 50 Ainſi
178 500 37 49 que
234 500 33 50 par
286 501 105 49 chainons
406 502 101 48 attachez
529 503 8 48 à
552 504 11 47 ſa
585 504 92 47 langue.

111 542 67 42 Sire,
188 542 23 43 lon
234 543 14 42 en
268 542 96 44 pourroit
381 538 80 48 feindre
478 539 20 48 de
514 539 50 48 vous
584 539 95 49 autant,

87 578 57 50 Qui
160 578 91 50 rauiſtes
267 576 11 52 ſi
294 576 38 52 bien
359 579 65 50 voſtre
439 577 72 52 peuple
531 575 119 54 eſcoutant,

85 621 137 47 Naguieres
239 621 109 47 aſſemblé,
359 621 51 47 qu’à
423 621 28 47 luy
475 621 41 47 voir
533 621 24 47 les
574 621 79 47 oreilles

85 659 106 47 Beantes
205 665 46 42 pour
269 665 42 43 ouir
329 664 17 44 de
364 663 11 45 ſi
389 662 71 47 douces
481 659 133 52 merueilles,

85 734 0 0 A
136 704 10 41 le
164 708 44 38 voir
226 698 86 48 arreſté,
320 698 46 49 ſans
381 697 83 50 toußir,
475 698 43 49 ſans
532 697 85 51 parler,

85 741 66 50 Sans
167 742 93 49 haleine,
272 743 42 48 ſans
330 737 78 54 poulx,
416 738 46 53 ſans
478 738 109 53 mouuoir,
598 738 43 53 ſans
657 738 60 53 ſiller,

85 781 118 50 Sembloit
219 780 36 51 que
275 780 75 50 fuſſent
365 780 63 50 trõcs,
436 779 16 50 ou
472 779 55 50 corps
543 779 103 49 humains
661 778 48 50 ſans
725 778 41 49 vie,

88 827 0 43 A
136 820 34 50 qui
187 820 69 50 voſtre
269 820 79 50 oraiſon
372 821 68 48 auroit
457 823 62 46 l’ame
536 820 74 49 rauie.

120 864 76 45 Mais
210 865 18 44 vn
254 865 72 44 autre,
333 857 43 52 plus
394 860 80 50 graue,
488 859 123 51 entonnant
625 859 15 51 ſa
661 859 102 51 chanſon,

85 897 63 47 Fera
170 897 66 48 bruire
254 896 19 49 de
295 902 58 43 Mars
368 896 191 50 l’eſpouuantable
574 896 44 50 ſon:

88 939 65 54 Vous
168 940 84 51 peindra
274 942 42 44 tout
335 943 61 49 armé
408 938 26 51 ſur
453 943 19 42 vn
495 937 76 51 cheual
590 937 136 56 d’Eſpagne,

87 978 131 54 Rengeant
233 979 56 53 mille
304 980 112 52 eſcadrons
431 982 30 49 ſur
480 983 11 48 la
514 983 56 48 verte
585 984 128 46 campagne,

87 1022 55 42 Ros
159 1022 92 47 ennemis
268 1022 75 48 aupres
360 1022 11 47 à
388 1022 34 46 qui
436 1022 13 44 la
470 1022 61 43 froide
548 1022 45 40 peur

87 1066 53 39 Par
161 1056 64 49 voſtre
239 1063 43 42 ſeul
296 1057 75 48 regard
392 1055 110 51 deſcendra
523 1055 53 51 dans
590 1057 11 49 le
619 1055 64 51 cœur.

88 1100 65 46 Vous
172 1098 114 55 brandirez
316 1104 19 49 au
358 1102 57 50 poing
434 1100 107 52 l’ardente
556 1098 120 48 coutelace,

88 1143 37 40 On
153 1143 54 42 verra
231 1142 51 43 dans
303 1142 30 44 vos
354 1142 44 45 yeux
422 1142 102 47 l’horreur
544 1142 0 47 &
582 1141 13 48 la
616 1141 101 50 menace,

88 1181 107 53 Deuant
214 1180 50 49 vous
283 1179 137 53 marcheront
439 1179 11 55 le
466 1178 91 56 meurtre
576 1178 0 44 &
618 1177 12 55 la
653 1176 93 56 frayeur:

90 1216 34 48 Et
142 1221 60 44 Mars
221 1218 34 48 qui
270 1216 101 51 conduira
393 1216 67 52 voſtre
475 1221 45 48 bras
539 1216 145 55 foudroyeur,

88 1262 94 43 Fendra
205 1262 20 44 les
242 1262 134 45 bataillons,
383 1262 23 45 les
423 1262 87 45 verſant
523 1262 139 46 peſle-meſle,

90 1297 106 48 Comme
213 1303 48 43 eſpis
274 1302 93 44 abattus
384 1301 41 45 ſous
442 1301 10 45 la
472 1300 106 47 ſonnante
599 1299 74 48 greſle.

91 1338 48 49 Les
153 1338 52 52 corps
220 1339 33 49 des
267 1339 96 48 ennemis
377 1339 52 54 dans
444 1340 40 53 leur
502 1340 44 53 ſang
568 1340 149 53 tramperont,

93 1379 36 51 Et
147 1379 27 51 des
192 1380 90 58 champs
300 1378 108 63 Poiteuins
421 1377 23 63 les
462 1379 90 61 caueaux
579 1375 136 65 rempliront.

544 1430 56 52 A.v
