916 1713
392 135 44 46 AV
484 142 91 36 ROY.

172 182 37 54 La
235 182 88 54 Victoire
341 182 37 54 qui
393 184 51 52 ceint
459 183 22 53 de
499 182 45 54 verd
566 182 77 54 laurier
661 182 26 54 ſes
702 182 98 54 temples,

141 229 46 45 Au
210 224 87 49 ſommet
316 223 31 48 des
362 222 72 48 Palais
453 227 0 41 &
495 221 16 47 de
530 223 34 47 nos
579 222 65 50 ſacrez
667 221 97 54 temples,

141 265 37 43 La
200 266 114 44 trompette
332 267 11 43 en
365 264 11 47 la
398 261 77 51 bouche
493 261 63 52 enflee
574 266 11 47 à
596 261 135 54 l’entonner,

141 309 63 43 Fera
225 308 33 43 par
277 307 108 44 l'Vniuers
403 307 33 43 vos
451 306 103 44 louanges
569 305 87 44 ſonner:

142 341 33 47 Si
190 348 37 41 que
245 345 22 44 les
282 339 81 51 peuples
389 339 48 51 durs
451 348 37 43 qui
503 339 99 52 tremblẽt
624 340 45 52 ſous
683 339 142 54 l'Arctique,

144 385 70 46 Vous
231 385 118 47 viendront
363 385 105 48 preſenter
485 385 42 48 leur
548 385 73 49 ſceptre
638 385 157 50 Sarmatique,

142 423 43 46 Au
211 426 55 43 bruit
283 422 19 46 de
322 424 33 44 vos
371 426 85 41 vertus,
466 422 36 45 qui
518 424 10 42 en
554 427 20 39 vn
600 422 42 44 froid
665 421 62 44 ſeiour

142 463 126 45 Rendront
286 465 51 43 leurs
351 466 61 42 rudes
427 465 61 43 cœurs
506 461 47 47 épris
567 461 22 50 de
607 466 65 49 voſtre
690 463 88 49 amour.

145 502 0 53 "
189 502 56 53 Rare
259 502 78 53 hõneur
355 501 140 54 d’eſtrãgers,
506 501 37 54 qui
554 501 22 54 ne
594 501 70 54 veulẽt
679 501 48 54 pour
746 501 81 54 Princes

144 576 0 0 "
197 543 60 49 Auoir
278 541 78 50 iamais
370 543 110 47 ſeigneurs
494 542 18 46 de
529 543 121 48 lointaines
664 547 124 48 prouinces,

144 589 0 39 „
195 583 48 45 Ains
259 582 23 46 les
301 582 125 46 meſpriſent
442 586 58 43 tous,
506 587 4 42 &
548 583 112 46 rarement
676 582 39 47 s’eſt
731 584 32 45 veu

147 656 0 0 „
195 625 112 43 Qu’aucun
331 625 37 44 leur
389 624 47 45 vint
453 624 11 45 à
484 624 34 45 gré
532 623 34 46 qui
583 623 20 46 ne
620 623 38 47 fuſt
678 623 17 47 de
712 622 41 48 leur
774 622 51 48 creu,

175 668 42 45 Or
236 668 30 46 non
289 661 50 54 tant
362 663 118 52 ſeulement
499 668 49 48 vous
563 667 42 49 leur
624 666 50 53 auez
700 665 57 54 pleu,
773 665 51 52 Sire,

142 702 73 47 Mais
229 702 10 47 il
257 702 52 47 vous
326 702 31 48 ont
375 702 59 48 voulu
458 702 28 48 ſur
503 702 46 49 tous
566 702 70 49 autres
649 702 61 50 elire,

142 749 38 46 Et
195 740 46 55 n'eſt
256 740 69 55 prince
344 749 11 46 en
378 741 99 55 l’Europe
496 746 19 50 au
534 744 110 52 bapteſme
659 742 64 54 laué,

145 787 61 48 Que
221 786 10 49 ſi
246 786 61 49 digne
325 785 36 50 que
379 785 54 50 vous
447 784 40 51 leur
509 783 111 52 Royaume
638 783 26 52 ait
682 782 85 53 trouué.

145 822 66 51 Vous
228 823 49 49 auez
305 823 17 47 de
340 823 41 46 tout
399 824 69 45 poinct
489 824 98 48 ſurpaßé
597 825 38 48 leur
656 825 92 50 attente,

147 867 96 44 Quand
265 867 66 44 voſtre
349 867 92 45 maieſté
452 867 22 45 les
489 867 0 45 a
515 860 51 52 regis
581 860 106 53 preſente:

145 912 34 38 Et
196 902 45 48 n’eſt
258 909 34 42 pas
306 902 99 49 aduenu,
415 903 10 48 ce
442 902 38 49 qui
497 902 89 50 aduient
599 903 89 49 ſouuent

144 944 62 52 Aux
230 940 93 56 peuples,
335 943 15 53 de
370 940 93 56 changer
482 942 0 45 &
521 942 86 48 tourner
626 941 8 49 à
649 939 43 53 tout
708 940 59 53 vent:

144 982 64 54 Qui
223 983 67 52 ayant
305 985 94 49 quelque
417 980 53 53 choſe
489 981 11 52 en
522 982 41 50 leur
582 983 49 49 deſir
650 985 94 46 conceuë,

142 1027 35 45 La
201 1026 143 46 dedaignent,
354 1026 73 46 legers,
438 1025 10 47 ſi
462 1025 35 47 toſt
514 1025 63 47 qu’ils
591 1024 49 48 l’ont
657 1024 78 48 receue.

142 1072 58 35 Car
218 1072 32 36 eux
276 1072 40 36 tout
334 1066 18 43 au
373 1062 87 48 rebours
478 1066 51 44 vous
547 1062 29 49 ont
594 1060 43 51 plus
659 1064 74 48 eſtimé

145 1102 91 53 Quand
259 1104 20 47 ils
295 1103 32 46 ont
342 1100 32 47 veu
398 1102 19 54 de
433 1104 40 50 pres
492 1099 67 57 voſtre
575 1102 71 52 viſage
666 1099 65 54 aimé,

144 1143 94 51 Quand
259 1143 18 51 de
299 1142 61 52 voſtre
378 1142 87 52 douceur
483 1142 21 52 ils
519 1146 32 48 ont
569 1145 14 49 eu
605 1143 159 51 connoiſſance,

142 1181 38 48 Et
195 1182 19 49 de
233 1182 65 54 voſtre
313 1184 77 50 ſageſſe
409 1180 76 52 entiere
504 1180 139 53 experience.

142 1224 77 49 Alors
238 1225 36 48 leur
297 1224 0 48 a
319 1220 81 52 ſemblé
411 1221 58 51 qu'ils
488 1220 121 52 reueroyent
631 1227 15 44 au
668 1227 33 44 lieu

142 1264 45 47 De
201 1265 42 46 leur
260 1265 66 45 prince
343 1259 105 51 defunct,
455 1260 31 49 non
510 1264 21 45 vn
555 1259 52 49 Roy,
618 1262 52 46 mais
687 1261 18 47 vn
733 1257 48 50 Dieu

142 1303 36 54 Vn
205 1304 48 53 Dieu
276 1304 103 53 tranſinis
395 1306 20 51 du
435 1299 47 58 ciel,
498 1299 47 58 pour
565 1299 51 58 loing
640 1299 83 58 bannir
739 1299 12 58 le
771 1301 50 56 vice,

142 1347 36 47 Et
197 1347 52 47 faire
268 1341 139 56 commander
426 1343 12 54 la
458 1345 47 52 paix
525 1346 4 41 &
569 1341 11 47 la
604 1346 81 44 iuſtice.

172 1381 79 64 Außi
265 1381 69 62 quand
357 1382 10 52 le
385 1380 60 66 deſtin
473 1379 65 65 voſtre
557 1378 46 65 frere
621 1384 51 57 tolus
