940 1723
342 134 0 26 A
385 134 87 44 VRO

91 180 33 43 Et
144 179 59 45 qu’au
226 180 72 44 thrône
317 182 105 43 François
442 185 46 40 vous
508 188 62 37 eleuer
590 189 94 37 voulut,

87 216 64 52 Que
165 213 15 55 la
207 213 59 54 Frãce
285 215 11 52 en
319 215 18 52 sõ
352 215 56 52 dueil
423 217 53 50 vous
502 213 74 53 tendãt
599 213 26 53 ſes
640 213 52 53 maïs
707 214 68 51 cheres

89 259 38 41 Et
142 259 51 42 vous
212 260 97 42 naurant
328 261 9 41 le
356 261 50 42 cœur
425 262 16 41 de
460 262 22 41 ſes
497 262 79 42 larmes
592 263 96 42 ameres,

90 295 67 49 Vous
172 292 79 53 vinſtes
266 292 11 53 à
288 294 26 52 ſes
329 292 45 54 cris,
385 295 64 52 voſtre
471 294 105 54 Polongne
591 295 55 53 lors,

89 341 106 45 Comme
210 335 11 50 ſi
239 335 11 50 ſa
272 336 55 48 chere
342 337 48 46 ame
404 335 154 55 abandonnoit
577 341 25 44 ſon
624 337 67 52 corps,

89 374 128 53 Eſtonnee,
225 374 108 53 eſperdue,
345 381 0 48 &
384 374 66 55 d’une
465 375 43 53 face
527 375 79 51 morte,

87 419 111 47 Monſtra
221 420 89 48 combien
333 421 13 47 en
372 422 53 45 vous
441 422 23 44 ſon
487 423 75 42 amour
585 424 53 40 eſtoit
657 424 67 39 forte.

116 459 48 50 De
180 452 88 57 ſouſpirs
280 452 44 54 plus
340 455 72 54 aigus,
424 456 16 47 de
460 453 32 57 cris
508 455 44 54 plus
572 457 117 51 eſclatans,

87 497 43 51 Ne
145 498 128 51 ſçauroyent
288 493 74 56 fendre
381 495 43 54 l’air
439 496 27 53 ſes
478 495 85 54 peuples
579 497 127 52 lamentans

86 537 45 49 Au
154 535 26 52 ſac
199 534 18 51 de
232 534 42 50 leur
296 536 90 52 Empire,
397 535 68 52 eſtant
480 542 11 43 le
513 535 117 49 Moſcouite

86 576 136 48 Vaincueur
240 578 51 44 dans
310 574 106 47 Cracouie
434 578 48 43 auec
500 580 22 43 ſon
552 575 103 52 exercite,

86 615 114 49 Mettant
215 616 44 50 tout
273 614 11 46 à
299 613 77 54 l’eſpee,
387 614 0 53 &
431 614 19 50 de
465 615 55 54 corps
534 618 118 51 maſſacrez

86 656 48 48 Les
147 656 86 50 temples
246 657 126 45 profanant
389 658 0 44 &
430 658 24 45 les
468 658 75 47 hoſtels
556 659 86 48 ſacrez.

113 694 69 55 Telle
197 695 31 50 fut
243 696 11 53 la
277 694 84 53 douleur
381 695 19 54 de
415 696 15 51 la
453 699 69 50 vierge
537 698 19 50 de
576 695 75 54 Crete,

84 735 50 51 Par
150 735 23 50 ſon
200 733 78 50 amant
293 732 66 56 laiſſee
378 738 12 50 en
417 734 35 54 vne
468 733 31 55 iſle
518 734 85 54 ſeulete:

84 778 82 48 Apres
181 782 35 42 que
236 773 11 49 le
263 774 66 54 cruel,
337 776 19 51 du
379 773 86 55 Dedale
480 773 80 53 ſauué,

84 816 51 45 Eut
152 817 41 44 tout
210 818 31 43 l’or
261 819 17 42 de
295 820 27 41 ſon
343 821 44 40 pere
404 821 48 40 auec
469 812 30 49 elle
516 812 87 49 enleué.

84 855 49 46 Tel
150 857 0 44 &
192 851 25 51 tel
231 852 31 50 fut
279 856 11 46 le
307 853 56 50 dueil
381 852 17 51 de
412 852 10 51 la
450 854 145 50 Sidonienne,

84 893 92 48 Quand
198 893 29 49 elle
246 895 29 47 eut
294 903 33 39 veu
349 895 66 48 partir
433 891 11 52 la
466 892 56 51 flotte
540 893 140 51 Phrygienne

83 938 46 49 De
144 933 27 54 ſes
182 937 80 50 haures
277 934 103 53 courbez,
392 940 0 44 &
430 934 99 49 pariurer
544 938 12 46 la
578 940 47 46 foy,

83 973 103 52 Promiſe
200 973 121 51 inuiolable
338 979 11 44 en
374 973 113 50 coniugale
505 976 45 46 loy.

84 1013 66 50 Cent
164 1014 34 45 fois
212 1014 87 48 maudit
316 1016 98 44 d’amour
431 1017 10 47 la
466 1017 65 49 torche
552 1018 137 48 infortunee,

84 1059 98 46 Appella
202 1059 53 46 mille
272 1059 35 48 fois
328 1059 62 48 Enee,
397 1059 73 49 ingrat
495 1059 64 43 Enee,

84 1095 154 49 Outrageant
257 1093 22 51 ſon
306 1092 45 51 beau
373 1094 41 49 chef
441 1097 11 46 en
474 1092 42 51 ſoye
531 1094 148 49 blondiſſant,

81 1138 41 42 Son
149 1138 96 42 eſtomach
272 1139 132 42 d’albaſtre,
413 1139 0 42 &
454 1139 23 42 ſon
501 1139 29 42 ſein
554 1140 115 41 innocent,

84 1206 0 0 "
132 1174 28 46 Ce
176 1168 44 56 n'eſt
236 1174 32 53 pas
284 1181 28 46 peu
340 1181 16 46 de
372 1173 72 54 perdre
460 1183 20 42 vn
504 1171 68 55 prince
588 1173 146 50 debonnaire,

84 1243 0 0 "
134 1210 43 54 Qui
196 1213 51 52 aime
262 1214 27 51 ſes
305 1211 58 55 ſuiets
378 1221 0 42 &
421 1211 34 56 qui
471 1214 39 52 leur
529 1213 35 51 ſert
579 1215 20 48 de
614 1217 60 49 pere,

84 1256 0 44 "
131 1257 93 50 Comme
239 1258 50 48 vous
305 1258 74 51 faites,
394 1259 58 50 Sire:
468 1253 19 55 ils
506 1254 31 54 ont
553 1252 39 56 bien
615 1252 116 54 argument

84 1325 0 0 "
133 1299 28 40 De
176 1298 96 41 requerir
290 1298 9 41 à
318 1298 49 41 Dieu
392 1298 49 41 qu’il
459 1298 47 41 dure
524 1297 155 42 longuement.

83 1330 64 57 C’eſt
163 1331 40 56 tout
223 1339 12 47 ce
256 1338 36 47 que
308 1338 12 46 ie
336 1337 52 47 puis,
396 1336 36 46 qui
448 1336 32 46 par
500 1335 61 46 vœux
589 1333 120 56 ordinaires

81 1374 134 58 Importune
233 1374 45 58 ſans
294 1374 20 58 fin
338 1374 33 58 nos
387 1375 48 54 bons
450 1372 65 58 ſaints
531 1372 120 56 tutelaires,

534 1430 66 36 A.11
