902 1723
387 130 42 40 AV

461 137 116 32 ROY.

143 172 68 49 Pour
228 173 64 49 l’heur
310 176 18 43 de
345 176 68 49 voſtre
431 179 39 47 vie,
480 179 0 47 &
523 181 53 41 qu’il
591 183 53 44 vous
658 185 36 43 ſoit
708 186 78 41 permis

146 209 44 53 De
205 212 121 49 gouuerner
341 212 44 53 long
408 213 66 54 temps
489 215 51 52 nous
559 216 33 51 vos
606 217 85 50 peuples
710 220 95 47 commis:

145 252 63 48 Que
226 249 103 52 touſiours
344 251 15 51 la
381 251 88 51 victoire
491 256 148 48 accompagne
657 255 34 49 vos
705 255 93 50 bandes,

142 294 59 40 Soit
218 293 66 43 allant
302 292 83 45 inueſtir
403 292 24 46 les
441 291 83 49 troupes
549 292 146 51 Alemandes,

142 337 56 42 Soit
213 337 11 43 le
242 338 44 42 brun
316 338 120 43 Eſpagnol,
445 339 15 42 ou
480 339 12 43 le
513 339 70 43 Breton
607 340 85 43 mutin,

143 371 42 41 Ou
208 371 42 42 ceux
273 370 99 52 qu’entre
387 370 50 51 deux
460 372 53 49 mers
529 371 68 49 ſepare
613 371 139 49 l’Apennin.

145 415 63 41 Que
227 413 22 43 les
268 412 44 45 Rois
328 413 94 46 ennemis
438 415 34 44 qui
488 414 50 46 vous
554 417 69 44 feront
639 416 13 46 la
674 425 85 38 guerre,

143 453 176 46 Abandonnez
348 453 18 46 de
388 453 47 47 Dieu
460 453 65 49 ſoyent
543 453 79 50 chaſſez
643 453 18 51 de
679 453 40 52 leur
737 453 61 53 terre:

143 491 106 43 Perdent
267 489 60 47 gloire
345 492 0 44 &
387 494 99 45 Empire,
497 497 0 42 &
536 497 17 43 du
578 495 99 48 malheur
699 493 86 52 chetifs,

143 565 0 0 A
193 537 31 43 vos
240 529 66 51 pieds,
321 531 54 49 leurs
391 531 116 56 ſauueurs,
518 532 70 56 ſoyent
603 534 105 55 preſentez
735 535 88 56 captifs,

143 573 38 42 Et
197 573 38 46 que
250 575 11 47 ie
277 573 65 50 puiſſe
357 570 54 53 d’eux
433 572 54 51 faire
506 572 38 47 vne
563 572 113 53 tragedie,

142 607 141 50 Semblable
298 613 12 45 à
321 608 99 55 celles-cy,
432 610 125 54 qu’humble
576 611 8 47 ie
603 615 50 51 vous
672 611 68 54 dedie:

143 649 50 44 Où
204 647 112 49 i'empoule
334 649 29 48 des
377 652 47 46 vers
438 652 65 48 pleins
517 651 18 50 de
553 654 47 48 ſang
622 654 0 48 &
661 654 128 52 d’horreur,

143 688 46 48 De
203 687 89 50 larmes,
303 689 17 48 de
338 689 106 50 ſanglots,
452 692 17 48 de
487 692 46 48 rage
551 695 0 46 &
593 693 18 49 de
629 692 90 51 fureur.

143 729 86 52 Dont,
241 732 75 49 comme
334 729 90 52 n'eſtant
439 730 34 51 pas
488 730 19 51 de
526 735 30 46 vos
575 732 97 49 maieſtez
695 733 84 48 dignes,

143 775 31 40 Ie
189 766 50 49 n’oſe
258 768 156 50 accompagner
429 776 12 43 le
460 774 50 46 doux
533 771 62 50 chant
613 776 19 46 de
647 782 34 41 vos
701 772 93 53 Cygnes,

143 809 135 53 Croaſſant
297 810 79 54 enroué
387 811 71 53 quand
481 811 11 50 ie
511 813 49 47 veux
586 812 146 52 quelquesfois

143 851 49 44 Vos
206 849 105 54 louanges
322 850 86 52 ſonner,
419 850 64 53 ſuiect
505 851 19 53 de
539 853 37 49 trop
599 852 63 54 grand
681 852 65 49 poix.

172 895 49 36 Ma
243 888 82 53 naſſelle
340 888 38 54 trop
400 890 59 52 foible
478 895 0 49 &
519 891 108 55 craintiue
642 894 30 47 des
691 895 94 51 vagues,

142 932 75 48 N’oſe
236 928 22 48 de
273 931 11 51 la
307 929 78 52 grand'
396 936 42 42 mer
452 933 68 51 courir
539 932 22 51 les
576 931 60 55 ondes
654 937 91 47 vagues,

140 969 114 50 Lechant
268 971 106 47 touſiours
389 970 14 47 le
420 969 61 48 bord,
488 974 14 43 ou
527 970 11 46 ſi
555 970 135 46 aucunesfois

140 1013 56 43 Elle
212 1013 56 43 entre
284 1013 43 43 plus
346 1013 79 43 auant,
435 1013 39 42 c’eſt
491 1013 26 42 ſur
536 1013 23 42 les
573 1013 78 42 fleuues
668 1013 45 42 cois:

140 1053 76 48 Mais
232 1054 10 45 ſi
258 1054 49 43 vous
324 1055 10 45 la
360 1055 72 46 guidez
462 1056 36 47 qui
514 1057 46 42 eſtes
576 1057 40 42 mon
642 1058 113 47 Neptune,

142 1092 52 43 Elle
210 1093 70 43 courra
302 1094 34 43 par
354 1095 43 43 tout
413 1095 46 45 ſans
474 1096 80 45 crainte
569 1097 152 47 d’infortune,

142 1135 45 37 Ne
203 1131 119 42 redoutant
338 1130 23 44 les
377 1133 48 41 rocs,
432 1131 25 44 les
473 1130 78 46 Syrtes,
560 1136 19 40 ny
599 1134 22 43 les
637 1131 81 47 bancs,

142 1171 46 44 Ny
207 1171 38 44 que
260 1171 23 43 les
302 1171 57 45 vents
378 1172 76 51 eſmeus
469 1172 31 50 luy
519 1172 95 54 donnent
633 1172 30 52 par
682 1173 23 54 les
724 1173 77 53 flancs,

145 1240 0 0 "
197 1206 116 53 Prochaine
332 1208 131 53 d’abyſmer.
470 1208 45 54 Car
534 1214 33 48 qui
586 1210 22 49 eſt
623 1215 15 42 en
661 1212 11 46 la
694 1216 64 48 garde

149 1280 0 0 "
194 1248 57 67 D’vn
271 1246 16 62 ſi
302 1246 47 57 grãd
373 1248 47 72 Dieu
448 1251 37 71 que
500 1249 61 66 vous,
571 1251 102 63 ſeuremẽt
689 1254 10 49 ſe
719 1255 104 54 haſarde.
