925 1723
109 380 109 65 ARG

338 389 89 62 ME

473 386 0 79 l

501 442 0 11 l

157 458 33 48 LA
248 463 444 60 TRAGECOMEDII

264 549 0 0 E
329 509 265 61 BRADAMANTE.

248 591 93 49 PRES
370 588 43 60 que
429 587 30 60 les
480 591 101 56 Saraſins
598 597 80 49 furent
695 592 74 53 rom¬

241 638 62 45 pus
323 639 0 43 &
357 639 89 49 chaſſez
470 641 89 50 deuant
580 642 78 50 Paris,
675 643 86 48 Roger

261 674 145 44 embarqué
425 676 55 43 auec
506 676 77 45 autres
606 677 99 45 Princes
731 679 40 44 re¬

228 749 0 0 A
260 710 41 52 ſtez
322 711 22 51 de
365 711 119 51 l’armee,
498 717 29 46 eſt
545 713 86 50 ſurpris
653 719 18 44 de
693 722 76 41 tour¬

256 758 80 42 mente
359 758 17 42 en
402 758 10 43 la
436 758 46 45 mer
502 758 144 48 d’Afrique.
659 759 37 48 Les
716 759 51 49 hõ¬

90 781 45 53 mes
154 783 1 52 &
186 782 117 59 vaiſſeaux
326 791 110 52 abyſmez
455 791 13 53 il
483 791 13 53 ſe
515 792 69 53 ſauue
603 794 9 51 à
631 794 65 52 naige
723 797 32 50 ſur

76 824 32 51 vn
133 821 100 57 rocher,
244 826 88 50 auquel
347 827 111 52 habitoit
473 829 16 51 vn
511 830 54 53 vieil
579 831 135 57 Hermite,
719 835 44 55 qui

73 865 146 47 l'aduertiſt
237 868 23 45 de
279 869 33 45 ſon
336 870 72 47 ſalut,
417 872 1 45 &
449 873 33 46 luy
503 874 40 46 fait
561 875 194 51 recongnoiſtre

73 906 195 51 Ieſus-Chriſt.
290 906 113 53 Roland,
422 910 117 52 Oliuier,
558 915 0 47 &
594 910 81 54 Sobrin
701 923 0 38 y
727 923 37 36 ar¬

88 944 79 44 riuent
183 947 56 42 auec
258 948 98 43 Renaut
373 951 18 41 au
413 952 84 42 retour
519 954 18 41 du
562 955 66 41 cõflit
645 957 20 40 de
688 958 76 41 Lipa¬

74 985 77 42 duſe:
159 986 105 43 reſiouis
285 990 20 40 de
322 991 14 39 la
357 992 136 42 rencontre
518 990 19 44 de
558 989 86 48 Roger
665 994 1 43 &
700 996 19 42 de
741 994 13 45 ſa

89 1024 144 44 conuerſion
262 1024 16 45 en
300 1023 77 47 noſtre
400 1026 57 46 Foy,
467 1032 19 40 ils
509 1026 140 48 accordent
669 1030 96 46 maria¬

73 1066 34 46 ge
129 1067 60 46 entre
211 1068 28 45 luy
264 1069 0 44 &
296 1069 160 45 Bradamãte,
465 1071 100 43 laquelle
587 1073 10 41 il
612 1073 88 42 aimoit
716 1074 37 41 par

85 1101 116 51 mutuelle
223 1102 133 53 affection.
378 1104 21 51 Et
418 1106 50 50 tous
493 1105 119 54 enſemble
641 1107 121 54 rembar¬

73 1138 93 48 quez,
183 1142 1 45 &
219 1141 107 49 abordez
350 1143 15 48 en
392 1147 103 47 France,
513 1145 189 55 s’acheminent
719 1152 8 48 à
740 1153 12 48 la

73 1182 95 49 Cour,
177 1183 31 46 où
222 1183 21 45 ils
264 1184 118 50 trouuent
399 1186 28 50 les
448 1186 194 53 Ambaſſadeurs
663 1190 21 46 de
705 1190 56 45 Cõ¬

71 1221 93 46 ſtantin
190 1221 141 48 Empereur
351 1221 21 48 de
395 1221 95 49 Grece,
507 1224 109 48 enuoyez
637 1226 58 46 pour
715 1229 46 44 ne¬

73 1263 90 47 gotier
183 1264 10 47 le
217 1264 110 47 mariage
354 1265 90 47 d’entre
471 1265 60 47 Leon
564 1266 30 46 ſon
621 1266 30 47 fils
668 1266 0 47 &
705 1267 57 46 Bra¬

71 1300 123 43 damãte,
203 1302 41 42 que
265 1303 14 41 le
300 1303 50 42 pere
373 1304 0 42 &
406 1304 11 43 la
438 1305 62 43 mere
523 1306 144 45 deſiroyent
685 1308 64 44 auoir

74 1342 69 46 pour
162 1343 107 45 gendre.
291 1344 22 44 Et
332 1345 60 43 pour
414 1345 16 44 ce
452 1346 22 43 ne
496 1346 97 43 veulent
612 1348 69 41 point
703 1348 47 41 ouir

76 1379 83 59 parler
179 1380 21 60 de
221 1381 99 59 Roger,
328 1382 83 61 ſimple
436 1384 140 57 cheualier.
589 1386 103 59 Dequoy
713 1387 43 51 de¬

524 1434 37 43 22.
571 1441 20 39 vi
