908 1723
150 198 174 48 meſurément
354 192 113 48 indigné
490 190 1 47 &
534 185 133 51 enflambé
687 186 21 46 de
734 187 83 44 colere

154 234 82 48 contre
255 231 59 49 Leon
341 233 1 45 &
375 233 31 45 ſon
434 236 71 40 pere,
522 226 62 49 cauſe
603 232 21 41 de
644 225 32 47 ſon
705 224 123 47 meſpris,

139 274 61 50 part
221 273 178 50 ſecrettement
419 272 22 47 de
461 271 12 47 la
493 267 69 51 Cour
578 267 19 49 au
621 265 82 50 deſceu
727 264 90 49 meſme

137 317 37 44 de
192 313 16 51 ſa
226 311 57 55 ſœur
308 310 155 53 Marphize,
477 304 211 53 tresbelliqueuſe
717 302 111 52 damoy¬

136 352 80 45 ſelle:
225 356 1 40 &
257 352 10 43 à
279 350 24 45 fin
327 351 24 43 de
370 348 80 46 n’eſtre
474 347 117 45 cogneu,
606 345 74 45 chãge
699 343 13 46 le
734 341 78 47 blaſon

138 391 38 45 de
195 392 27 44 ſes
241 391 92 44 armes,
342 391 1 42 &
375 386 31 47 ſur
422 386 34 46 ſon
482 388 44 43 eſcu
549 384 41 46 fait
605 381 101 48 peindre
729 382 38 45 vne
789 380 39 46 Li¬

152 439 74 39 corne
246 431 123 45 blanche.
385 429 12 45 Il
417 425 109 49 delibere
552 423 99 49 donner
678 420 95 50 iuſques
800 429 18 39 en

138 473 92 45 Grece
252 467 62 50 pour
332 466 47 50 tuer
401 466 58 50 Leon
485 467 1 48 &
519 460 153 55 deſpouiller
698 460 132 53 Conſtan¬

152 512 24 46 tin
203 511 21 46 de
244 510 31 46 ſon
301 507 121 48 Empire,
438 508 48 45 tant
506 504 7 48 à
529 504 22 48 fin
577 505 22 46 de
621 502 83 48 s’oſter
723 504 32 45 cet
775 504 53 44 em¬

142 551 180 47 peſchement
336 551 34 48 là,
391 552 42 48 que
457 549 64 48 pour
535 547 15 45 ſe
571 542 86 45 rendre
678 542 49 52 plus
748 540 80 51 reſpe¬

140 588 90 46 ctable
258 589 48 44 vers
334 587 123 46 Aymon,
481 584 77 48 eſtant
582 581 106 50 qualifié
708 584 19 47 du
759 580 44 50 nom

139 630 178 53 d’Empereur
348 627 13 56 Il
376 625 77 51 arriue
472 626 9 45 à
496 620 121 57 Belgrade
636 623 34 51 ſur
697 619 13 50 le
737 617 85 57 poinct

142 671 51 53 que
217 673 24 47 les
260 674 99 49 armees
378 664 40 58 des
437 666 76 50 Grecs
532 665 1 52 &
571 661 37 58 des
635 662 119 55 Bulgares
777 659 54 53 s’al¬

139 711 99 51 loyent
264 708 135 53 choquer.
421 706 23 47 Et
466 704 93 55 voyant
585 707 39 46 que
653 700 40 44 dés
714 703 13 41 le
756 700 72 48 com¬

154 755 168 42 mencement
337 743 21 55 de
381 745 13 53 la
413 743 105 56 charge,
525 741 13 56 le
561 741 49 56 Roy
633 739 85 57 Vaſtan
745 744 83 50 mort,

142 791 43 49 ſes
200 791 60 53 gens
279 791 135 50 s’eſtoyent
433 789 127 49 rompus,
575 781 1 47 &
614 779 112 58 eſtoyent
752 778 78 56 chau¬

142 828 118 53 dement
288 825 138 57 pourſuiuis
454 827 35 52 par
512 823 29 54 les
571 821 108 55 Grecs,
702 824 13 51 il
733 825 17 50 ſe
778 826 47 48 met

156 869 8 42 à
186 871 99 46 donner
317 864 93 52 dedans
442 865 64 49 leurs
532 866 103 44 troupes
659 864 23 47 de
711 862 63 43 toute
806 860 16 47 ſa

143 906 150 53 puiſſance.
308 906 13 49 Il
336 906 21 50 en
379 906 41 49 fait
435 906 159 50 tresbuſcher
613 906 16 45 vn
657 895 71 55 grand
751 897 79 53 nom¬

142 950 73 46 bre,
232 950 0 37 &
267 948 62 40 entre
350 946 80 48 autres
447 946 11 49 le
482 944 90 51 nepueu
603 943 24 47 de
655 940 175 49 l’Empereur.

143 985 43 42 Ce
214 986 35 50 qui
273 981 35 54 fait
336 980 106 55 prendre
470 982 67 51 cœur
560 977 40 56 aux
631 978 134 55 Bulgares,
785 976 39 53 qui

142 1026 64 52 ſous
225 1026 9 52 la
257 1026 82 52 faueur
358 1026 21 52 de
398 1025 37 50 cet
450 1025 129 49 incogneu
607 1016 145 56 repouſſent
771 1015 55 52 bra¬

153 1063 106 54 uement
277 1065 60 49 leurs
355 1059 136 54 ennemis,
505 1060 53 50 auec
583 1060 91 49 grande
695 1060 131 47 occiſion.

143 1103 157 49 Retournez
323 1105 18 45 de
364 1104 11 48 la
398 1102 75 50 chaſſe
495 1101 11 45 le
529 1099 78 50 prient
626 1094 198 54 vnanimement

143 1138 92 58 d’eſtre
258 1138 45 55 leur
322 1137 73 53 Roy:
411 1143 20 50 ce
451 1135 57 58 qu’il
524 1133 96 55 refuſe,
635 1131 1 52 &
672 1131 56 56 paſſe
751 1135 65 52 outre

159 1184 17 41 en
203 1182 123 45 intention
356 1179 140 50 d’executer
523 1178 31 49 ſon
588 1175 105 51 deſſein.
709 1175 15 46 Il
743 1173 76 50 arriue

143 1219 51 48 dés
210 1219 16 48 le
242 1220 43 48 ſoir
305 1220 8 48 à
328 1214 193 56 Nouengrade,
533 1211 32 54 où
580 1212 146 54 recongneu
749 1210 1 48 &
785 1209 43 53 de¬

154 1260 103 50 couuert
275 1259 15 45 au
316 1254 188 54 gouuerneur,
518 1255 11 52 il
548 1257 25 50 eſt
596 1253 44 53 pris
658 1254 0 44 &
691 1255 92 47 deualé
798 1258 15 45 en

145 1296 53 50 vne
218 1295 58 55 baſſe
292 1293 69 58 foſſe,
377 1294 33 57 où
426 1294 13 57 il
455 1295 24 54 eſt
500 1295 77 52 retenu
602 1290 106 57 quelque
732 1293 91 49 temps,

155 1336 133 55 attendant
302 1335 34 52 ſon
361 1333 130 55 execution
515 1333 23 48 de
559 1331 79 50 mort.
648 1331 56 50 Leon
728 1330 42 51 qui
787 1329 20 52 l’a

156 1381 52 53 noit
234 1380 30 63 veu
299 1379 52 57 auec
381 1376 153 64 admiration
563 1374 130 65 combatre
719 1373 35 59 ſon
788 1372 18 56 ar
