932 1719
92 183 47 45 mee
162 182 0 47 &
191 179 55 52 faire
268 185 52 48 tant
338 183 22 51 de
378 184 75 52 beaux
474 188 49 49 faits
547 190 119 51 d’armes,
676 196 91 46 enten¬

77 223 71 45 dant
166 222 67 48 qu’on
258 223 14 48 le
297 224 99 49 vouloit
420 226 54 49 faire
502 229 117 50 mourir,
636 229 75 52 eſmeu
736 239 21 43 de

75 262 84 45 pitié,
169 260 109 50 delibere
298 264 23 47 de
338 262 15 50 le
370 263 99 52 ſauuer.
475 267 26 48 Et
518 268 8 48 à
543 269 55 49 ceſte
619 272 22 47 fin
666 274 90 48 f'eſtant

73 302 70 45 faict
160 300 181 51 ſecrettement
358 303 142 51 introduire
521 307 21 48 de
563 309 48 48 nuit
629 307 17 50 és
663 309 94 51 priſons

88 345 10 43 il
115 346 34 43 l’en
175 347 67 44 retire
262 348 4 43 &
298 349 13 43 le
331 349 81 44 meine
434 351 18 43 en
479 351 30 44 ſon
539 352 75 45 logis.
635 354 63 44 Mais
725 355 42 44 in¬

85 388 140 46 continent
239 388 87 48 apres,
340 388 68 45 ayant
426 388 128 48 entendu,
568 391 67 48 auoir
658 389 46 53 eſté
718 395 50 48 pu¬

74 418 64 47 blié
150 422 36 44 par
206 419 81 50 toutes
303 421 28 49 les
352 426 74 46 terres
446 425 22 48 de
488 424 107 51 l'empire
620 426 139 53 d’Occidẽt

75 462 51 46 que
147 459 145 53 quiconque
313 466 123 49 voudroit
453 464 113 54 eſpouſer
586 466 170 56 Bradamante

73 500 100 45 deuoit
193 499 15 47 la
236 502 138 48 conquerir
395 503 8 48 à
416 502 82 51 forces
526 505 102 51 d’armes
653 514 114 45 comba¬

84 538 47 47 tant
159 542 51 45 auec
239 540 36 49 elle
303 541 170 52 pair-à-pair,
494 544 101 52 s’aduiſa
620 548 22 49 de
667 550 87 50 mettre

86 579 17 45 en
132 575 27 56 ieu
189 578 36 51 ſon
258 580 145 54 cheualier.
441 581 23 54 Et
491 582 23 53 de
541 583 54 53 faict
621 584 12 52 le
667 585 88 52 ſupplia

73 621 36 38 de
136 621 98 42 vouloir
258 624 61 42 pour
346 626 33 42 luy
406 627 1 42 &
447 628 54 44 ſous
516 629 32 44 ſes
569 630 79 46 armes
676 632 78 48 entrer

86 656 81 47 contre
189 657 36 47 elle
250 667 13 37 en
295 663 122 44 combat,
436 663 142 47 s’aſſeurant
607 665 19 46 de
655 664 9 47 la
693 667 68 46 vain¬

84 700 31 40 cre
145 700 34 42 par
205 700 14 43 ſa
248 700 82 45 vertu.
349 700 31 47 Ce
409 701 54 48 qu’il
486 708 21 42 ne
533 703 30 48 luy
593 705 34 48 oſa
656 706 102 50 refuſer,

73 736 69 45 pour
165 737 28 45 les
216 738 120 48 fraiſches
362 740 161 50 obligations
546 743 59 49 qu’il
631 744 66 50 auoit
720 745 35 51 ſur

70 777 44 47 luy
137 777 37 48 Sur
194 776 54 51 cette
272 776 76 53 fiance
368 783 22 47 ils
410 780 189 54 s’acheminent
620 789 15 46 en
666 785 86 53 France

80 819 35 41 où
137 820 57 42 Leon
222 821 13 41 ſe
260 821 110 44 preſente
392 823 9 43 à
417 823 214 47 Charlemagne,
653 826 38 46 qui
713 826 41 47 fait

81 859 100 41 trouuer
208 860 184 45 Bradamante.
412 861 44 45 Elle
486 861 57 47 pour
569 862 17 47 ſe
613 862 137 50 deueloper

68 894 52 46 des
140 892 159 56 importunes
324 898 152 52 pourſuittes
498 900 36 50 des
559 901 191 51 Ambaſſadeurs

70 933 34 46 de
125 935 77 50 Leon,
213 932 89 54 ſ'eſtoit
320 942 154 45 auparauant
489 944 96 44 aduiſee
607 944 143 45 d’impetrer

70 973 34 51 de
129 971 155 54 l’Empereur
312 975 55 47 ceſte
397 977 151 50 declaration
584 983 0 45 :
610 979 144 55 preſumant

71 1017 46 46 que
142 1017 57 47 Leon
224 1017 21 47 ny
270 1017 63 48 autre
355 1017 113 50 ſeigneur
490 1017 131 51 Chreſtiẽ,
635 1018 46 51 fors
702 1019 49 51 Ro¬

68 1056 49 44 ger
135 1053 57 48 ſeul,
207 1052 22 53 ne
248 1056 11 49 la
281 1056 120 50 pourroit
420 1056 150 51 conquerir.
585 1055 86 55 Roger
693 1059 62 50 con¬

78 1094 72 42 traint
166 1094 36 43 par
219 1094 13 43 la
251 1094 66 45 force
340 1094 20 46 de
382 1094 27 46 ſes
432 1097 153 47 promeſſes,
599 1098 65 47 entre
687 1104 13 42 en
726 1101 31 46 li¬

79 1137 18 45 ce
116 1137 51 44 auec
193 1137 106 47 extreme
318 1137 95 46 regret,
424 1137 103 46 couuert
546 1137 36 46 des
604 1137 78 50 armes
700 1140 54 49 Im¬

67 1173 112 48 periales
200 1173 98 50 comme
319 1173 33 51 s’il
370 1173 43 52 euſt
435 1173 46 52 eſté
503 1177 79 50 Leon.
611 1174 15 53 Il
644 1177 104 52 combat

67 1243 0 0 &
109 1209 131 49 ſurmonte
262 1212 184 50 Bradamante,
463 1217 50 47 puis
531 1215 14 49 ſe
566 1217 67 49 retire
654 1216 50 52 ſaiſi
725 1222 18 47 de

78 1247 167 48 merueilleuſe
274 1250 118 47 triſteſſe.
415 1252 16 45 Il
454 1253 82 46 monte
566 1255 32 45 ſur
621 1253 33 48 ſon
690 1254 61 48 che¬

78 1286 35 54 ual
136 1286 0 52 &
174 1286 65 50 entre
265 1289 16 48 au
315 1287 54 51 fond
403 1290 42 50 d’vn
475 1291 54 50 bois
548 1292 57 50 pour
628 1298 19 45 s’y
670 1293 82 52 confi¬

79 1327 52 46 ner.
149 1325 59 50 Leon
241 1326 88 52 d’autre
359 1333 51 47 part
432 1331 89 52 ioyeux
550 1332 22 52 de
601 1333 11 52 ſa
642 1335 103 53 victoire

70 1366 26 57 va
117 1363 139 60 demander
276 1367 171 73 Bradamante
468 1372 10 65 à
493 1369 213 75 Charlemagne,
720 1373 17 72 la
