913 1723
148 198 89 47 quelle
262 201 15 43 ſe
302 195 115 48 trouuoit
439 196 17 44 en
488 196 40 43 vne
557 198 109 40 extreme
694 199 102 36 anxieté
809 199 4 34 &

151 242 184 49 perturbation
361 234 98 54 d’eſprit
481 229 128 54 Marphiſe
627 228 117 51 maintiẽt
758 225 81 53 qu’el¬

147 287 28 40 le
196 278 66 49 auoit
288 274 92 53 promis
402 273 111 54 mariage
535 272 8 50 à
554 271 35 53 ſon
611 268 58 52 frere
691 270 107 49 Roger,
812 269 1 44 &

148 320 97 50 qu’elle
266 320 26 49 ne
313 320 109 46 pouuoit
439 317 66 44 auoir
525 311 88 46 Leon:
626 312 41 45 que
695 307 33 51 s’il
749 309 1 49 y
778 311 60 45 pre¬

161 355 103 48 tendoit
281 353 102 48 droict,
400 351 55 48 qu’il
476 348 76 50 falloit
577 347 59 50 qu’il
653 346 15 50 ſe
689 344 69 51 bariſt
775 343 56 51 auec

148 401 46 41 ſon
219 398 60 44 frere
304 397 1 43 &
337 394 40 45 que
395 392 14 46 le
431 390 139 47 victorieux
588 387 99 47 l’auroit
702 388 47 44 ſans
774 389 69 41 con¬

161 437 105 46 tredict.
285 433 61 47 Leon
372 427 97 51 appuyé
482 427 31 48 ſur
532 427 11 47 la
565 427 78 46 valeur
665 427 21 43 de
712 427 34 42 ſon
779 427 63 41 che¬

161 480 88 48 ualier,
265 477 97 47 accepte
381 476 15 45 le
418 474 61 46 party
512 472 61 45 Mais
592 468 127 46 retourné
732 467 14 43 au
768 465 65 48 logis

163 521 13 44 il
198 512 85 52 entend
316 509 58 53 qu’il
396 510 39 50 s’en
465 505 32 54 eſt
515 505 62 53 allé:
599 505 62 52 dont
687 501 150 54 infiniment

149 550 181 47 deſplaiſant,
355 554 1 40 &
394 555 17 38 en
446 544 175 48 merueilleuſe
646 539 161 50 perplexité,
829 542 10 43 à

166 592 67 53 cauſe
254 595 20 47 de
295 592 12 49 ſa
328 588 144 52 promeſſe,
490 589 16 45 ſe
523 593 49 40 met
589 592 53 38 auec
667 585 30 44 ſes
722 586 60 46 gens
799 585 12 45 à
821 584 16 42 le

165 631 135 46 chercher.
321 629 14 45 Il
350 628 13 45 le
384 628 86 45 trouue
491 626 57 45 dans
566 625 20 44 ce
607 625 73 43 bois,
701 621 85 46 faiſant
810 620 23 45 de

155 670 155 51 pitoyables
328 669 113 53 regrets,
459 667 61 52 pour
541 666 35 50 ſon
605 661 147 54 infortune.
770 666 65 37 Leon

154 712 29 50 le
207 710 44 51 prie
271 709 22 51 de
313 710 30 48 luy
374 704 132 53 decouurir
529 700 132 52 l’occaſion
685 699 22 49 de
724 700 36 46 ſon
784 701 47 44 mal

155 755 29 45 Il
197 755 16 45 ſe
236 755 93 44 declare
360 745 54 50 eſtre
441 744 107 49 Roger,
565 744 1 46 &
604 740 75 49 s’eſtre
710 738 86 48 expres
820 744 28 39 a¬

169 787 122 52 cheminé
304 792 22 44 de
346 785 16 50 la
382 783 65 51 Cour
467 788 61 45 pour
548 785 12 46 le
587 782 69 48 tuer:
672 779 58 50 qu’il
750 778 33 49 eſt
803 782 43 44 re¬

155 827 57 51 ſolu
237 828 20 49 de
278 832 20 48 ne
320 824 64 55 viure
406 831 68 46 plus,
488 821 72 54 apres
582 820 75 52 s’eſtre
679 823 8 47 à
701 816 35 53 ſon
769 816 82 51 occa¬

158 871 57 43 ſion
240 867 73 45 priué
325 864 21 47 de
364 866 14 44 ſa
400 861 145 48 maiſtreſſe.
554 858 96 48 Eſtõné
662 857 21 47 de
705 856 56 47 ceſte
780 858 72 43 nou¬

172 907 79 46 uelle,
267 909 11 42 il
295 910 11 41 le
329 901 120 50 conſole,
465 910 32 39 luy
523 901 80 47 remet
619 900 1 46 &
653 897 97 49 reſigne
769 895 11 49 ſa
807 896 44 48 da¬

174 952 56 47 me,
247 951 1 46 &
279 948 102 48 promet
399 947 15 45 ſe
435 943 116 52 deporter
572 941 23 49 de
615 940 12 47 ſa
648 936 135 54 pourſuitte
821 934 23 48 Et

163 991 48 43 par
226 990 17 44 ce
261 987 78 46 moyẽ
354 987 11 44 il
380 986 11 44 le
415 983 107 46 rameine
543 982 1 45 &
575 981 14 45 le
611 977 110 48 preſente
742 977 7 45 à
764 974 87 48 Char¬

161 1024 149 48 Iemagne,
323 1023 89 47 auquel
429 1023 11 46 il
453 1023 40 46 fait
510 1022 51 46 tout
577 1022 19 46 ce
616 1020 114 47 diſcours
747 1020 19 46 en
793 1019 59 47 pre¬

162 1065 79 49 ſence
262 1063 39 52 des
319 1061 102 53 Princes
442 1061 1 49 &
472 1058 136 53 Seigneurs
626 1056 39 52 qui
682 1061 16 40 en
724 1053 53 48 ſont
799 1057 49 44 fort

175 1102 116 48 reſiouis.
317 1099 1 49 A
342 1098 108 49 l’inſtant
467 1096 109 50 arriuent
592 1100 29 44 les
651 1091 192 52 Ambaſſadeurs

163 1145 36 44 de
221 1143 109 46 Bulgarie
352 1142 40 45 qui
407 1141 135 45 racontent
561 1140 11 44 à
584 1139 82 45 Roger
688 1138 44 44 que
757 1138 14 43 le
796 1137 47 44 pais

162 1183 32 46 I'a
217 1180 53 48 eſleu
294 1179 60 48 pour
374 1178 66 47 Roy,
453 1176 5 47 &
488 1177 15 46 le
523 1173 84 49 prient
623 1177 46 43 d’en
693 1168 94 51 vouloir
807 1168 45 49 ap¬

168 1220 121 52 prouuer
312 1217 118 52 l’election
458 1220 1 46 &
493 1216 51 49 aller
571 1211 115 52 receuoir
702 1216 12 44 la
738 1214 116 45 couron¬

179 1263 36 42 ne.
234 1263 29 41 Ce
283 1263 188 41 qu’entendant
487 1254 92 47 Aymon
605 1257 1 43 &
640 1249 91 50 Beatrix
761 1251 87 47 accor¬

168 1300 71 45 dent
253 1293 195 51 treſuolontiers
466 1294 12 46 le
500 1291 109 48 mariage
631 1290 23 47 de
672 1294 49 48 leur
747 1287 60 52 fille:
821 1286 33 51 la¬

171 1335 87 52 quelle
279 1333 105 52 aduertie
404 1333 23 48 de
449 1333 36 47 cet
498 1332 109 47 heureux
628 1330 1 46 &
664 1326 117 51 ineſperé
801 1329 57 49 ſuc¬

183 1376 47 64 cez,
245 1381 14 51 en
286 1374 78 67 reçoit
382 1375 34 57 vne
439 1371 120 67 indicible
577 1368 154 69 allaigreſſe.
749 1366 113 64 Charle¬
