908 1723
373 132 58 44 AV

473 132 123 42 RON

154 186 102 56 Mais
289 184 72 55 tout
385 182 81 60 ainſi
486 180 77 62 qu’à
583 178 106 61 noſtre
722 178 117 56 Dieu,

153 246 45 54 de
225 239 55 65 qui
302 239 83 58 vous
411 236 78 58 eſtes
511 235 132 63 l’image
679 232 1 63 &
738 234 14 59 la
783 236 50 53 vi¬

165 309 33 51 ue
233 292 319 68 repreſentation,
583 291 86 62 nous
699 285 132 66 faiſons

152 352 87 60 ſans
263 344 210 76 l’offenſer,
492 341 31 71 de
558 339 199 74 religieuſes
787 336 54 70 of¬

152 409 160 54 frandes
338 409 50 51 des
414 405 96 54 biens
536 408 58 49 que
623 404 85 52 nous
734 400 96 55 tenõs

155 464 46 57 de
228 466 18 54 ſa
274 460 138 60 bonté:
431 460 134 59 i’eſtime
601 466 59 51 que
696 464 71 52 moy
804 463 1 52 &

168 533 76 48 tous
283 519 106 61 autres
432 517 169 62 François
635 516 32 59 ne
714 512 115 62 ferons

173 577 98 60 choſe
297 572 260 65 preiudiciable
584 579 51 58 aux
667 570 112 61 droits
801 569 28 60 de

158 635 118 54 voſtre
314 628 260 59 ſouueraineté
596 627 1 56 &
646 627 123 55 deuoir
802 627 28 53 de

173 687 109 65 noſtre
312 686 226 66 obeiſſance,
550 692 24 54 en
613 692 82 51 vous
721 676 120 64 conſa¬

171 748 100 54 crant
295 744 40 57 les
368 742 100 59 fruits
493 741 31 60 de
553 740 108 60 noſtre
699 738 150 62 labeur,

171 804 164 60 combien
387 800 58 64 que
475 799 72 62 ſans
577 797 67 61 cela
683 794 80 64 vous
797 793 41 62 les

165 858 143 62 puiſſiez
338 858 33 63 de
396 859 86 60 vous
504 852 148 63 meſmes
673 852 167 62 iuſtemẽt

177 914 157 67 aduouer
360 914 86 65 pour
477 911 144 61 voſtres.
633 908 33 60 Et
696 909 140 63 dequoy

169 972 232 64 pourroyent
436 967 56 63 nos
527 967 151 63 pauures
709 964 141 62 Muſes,

163 1030 74 61 que
266 1026 84 64 vous
379 1024 140 64 receuez
553 1025 1 59 &
601 1018 196 65 embraſſez
831 1022 14 56 ſi

180 1082 200 66 cheremẽt,
393 1076 246 72 recognoiſtre
665 1082 57 52 vos
748 1074 101 64 bien¬

163 1146 91 56 faits
276 1142 55 66 que
358 1138 55 66 par
440 1140 55 61 nos
522 1134 192 66 poëtiques
740 1133 113 61 chan¬

165 1197 118 62 ſons?
307 1194 34 62 La
370 1188 190 66 poſterité,
576 1188 131 61 SIRE,
727 1185 127 59 incor¬

179 1251 151 67 ruptible
361 1249 72 66 iuge
464 1247 29 62 de
520 1247 62 65 nos
609 1243 160 62 actions,
792 1252 64 53 en¬

182 1309 152 71 tendant
358 1311 54 65 par
436 1308 15 59 le
485 1302 108 69 fidelle
631 1303 148 67 rapport
812 1298 30 59 de

184 1369 71 81 tant
279 1369 33 82 de
348 1363 103 93 liures
481 1360 198 84 eſtrangers
702 1355 58 88 qui
784 1356 69 68 ſur¬
