<?xml version="1.0" encoding="UTF-8"?>
<alto xmlns:xsi="http://www.w3.org/2001/XMLSchema-instance"
	xmlns="http://www.loc.gov/standards/alto/ns-v4#"
	xsi:schemaLocation="http://www.loc.gov/standards/alto/ns-v4# http://www.loc.gov/standards/alto/v4/alto-4-2.xsd">
	<Description>
		<MeasurementUnit>pixel</MeasurementUnit>
		<sourceImageInformation>
			<fileName>9.jpg</fileName>
		</sourceImageInformation>
		<OCRProcessing ID="OCR_0">
			<ocrProcessingStep>
				<processingSoftware>
					<softwareName>kraken</softwareName>
				</processingSoftware>
			</ocrProcessingStep>
		</OCRProcessing>
	</Description>
	<Tags>
		<OtherTag ID="TYPE_1" LABEL="DefaultLine"/>
		<OtherTag ID="TYPE_2" LABEL="TitlePageZone"/>
		<OtherTag ID="TYPE_3" LABEL="DropCapitalZone"/>
		<OtherTag ID="TYPE_4" LABEL="NumberingZone"/>
		<OtherTag ID="TYPE_5" LABEL="MusicZone"/>
		<OtherTag ID="TYPE_6" LABEL="Title"/>
		<OtherTag ID="TYPE_7" LABEL="StampZone"/>
		<OtherTag ID="TYPE_8" LABEL="QuireMarksZone"/>
		<OtherTag ID="TYPE_9" LABEL="DamageZone"/>
		<OtherTag ID="TYPE_10" LABEL="TableZone"/>
		<OtherTag ID="TYPE_11" LABEL="RunningTitleZone"/>
		<OtherTag ID="TYPE_12" LABEL="MarginTextZone"/>
		<OtherTag ID="TYPE_13" LABEL="GraphicZone"/>
		<OtherTag ID="TYPE_14" LABEL="MainZone"/>
		</Tags>
	<Layout>
		<Page WIDTH="925" HEIGHT="1717" PHYSICAL_IMG_NR="0" ID="page_0">
			<PrintSpace HPOS="0" VPOS="0" WIDTH="925" HEIGHT="1717">
																	<TextBlock ID="block_1"
						   HPOS="274"
						   VPOS="143" 
						   WIDTH="272" 
						   HEIGHT="44"
 					            					            					            					            					            					            					            					            					            					            					            					            					           TAGREFS="TYPE_11" 					            					            					           >
					<Shape>
						<Polygon POINTS="320 143 506 143 546 160 546 187 274 187 286 148 320 143"/>
					</Shape>
										<TextLine ID="line_0"
	  HPOS="282"
	  VPOS="143" 
	  WIDTH="84" 
	  HEIGHT="43"	  BASELINE="283 175 366 178"
	                                          TAGREFS="TYPE_1"                                                                                                                                  >
			<Shape>
			<Polygon POINTS="355 143 340 143 326 143 312 143 297 145 286 151 283 175 282 184 363 186 366 178 365 143 355 143"/>
		</Shape>
	        							<String ID="segment_0"
			CONTENT="AV" 
			HPOS="283" 
			VPOS="143"
			WIDTH="59" 
			HEIGHT="42" 
			WC="0.9493">
						<Shape>
				<Polygon POINTS="342 142 341 142 341 142 341 142 341 142 341 142 282 174 282 174 282 174 282 174 282 174 282 174 282 174 282 174 282 174 282 174 282 174 282 175 282 175 282 175 282 175 282 175 282 175 282 175 282 175 282 175 282 175 282 175 282 175 282 175 282 175 282 175 340 185 340 185 341 185 341 185 341 185 341 185 341 185 341 185 341 185 341 185 341 185 341 185 341 185 341 185 341 185 341 185 341 185 341 185 342 143 342 142 342 142 342 142 342 142 342 142 342 142 342 142 342 142 342 142 342 142 342 142 342 142 342 142 342 142 342 142 342 142"/>
			</Shape>
									<Glyph ID="char_0" 
			       CONTENT="A"
			       HPOS="283"
			       VPOS="175"
			       WIDTH="0"
			       HEIGHT="0"
			       GC="0.8987">
						<Shape>
				<Polygon POINTS="283 175 283 175 283 175 283 175"/>
			</Shape>
						</Glyph>
						<Glyph ID="char_1" 
			       CONTENT="V"
			       HPOS="341"
			       VPOS="143"
			       WIDTH="1"
			       HEIGHT="42"
			       GC="1.0">
						<Shape>
				<Polygon POINTS="342 143 341 185 341 185 342 143"/>
			</Shape>
						</Glyph>
					</String>
				</TextLine>
										<TextLine ID="line_1"
	  HPOS="396"
	  VPOS="144" 
	  WIDTH="153" 
	  HEIGHT="44"	  BASELINE="398 177 549 181"
	                                          TAGREFS="TYPE_1"                                                                                                                                  >
			<Shape>
			<Polygon POINTS="541 157 526 151 516 147 398 144 398 177 396 188 548 187 549 181 548 148 541 147 541 157"/>
		</Shape>
	        							<String ID="segment_1"
			CONTENT="ROY." 
			HPOS="398" 
			VPOS="144"
			WIDTH="151" 
			HEIGHT="44" 
			WC="0.9839">
						<Shape>
				<Polygon POINTS="399 143 398 143 398 143 398 143 398 143 398 143 398 143 398 143 398 143 398 143 398 143 398 143 398 143 398 143 398 143 398 143 398 143 397 176 397 177 397 177 397 177 397 177 397 177 397 177 397 177 397 177 397 177 397 177 397 177 397 177 397 177 397 177 397 177 465 188 465 188 517 187 518 187 518 187 549 181 549 181 549 181 549 181 549 181 549 181 549 181 549 181 549 181 549 181 549 181 549 181 549 181 549 181 549 181 549 180 549 180 549 180 549 180 549 180 549 180 549 180 549 180 519 147 519 147 519 147 519 147 519 147 519 147 519 147 519 147 519 147 467 145 399 143"/>
			</Shape>
									<Glyph ID="char_2" 
			       CONTENT="R"
			       HPOS="398"
			       VPOS="144"
			       WIDTH="1"
			       HEIGHT="33"
			       GC="0.9373">
						<Shape>
				<Polygon POINTS="399 144 398 177 398 177 399 144"/>
			</Shape>
						</Glyph>
						<Glyph ID="char_3" 
			       CONTENT="O"
			       HPOS="466"
			       VPOS="146"
			       WIDTH="1"
			       HEIGHT="42"
			       GC="1.0">
						<Shape>
				<Polygon POINTS="467 146 466 188 466 188 467 146"/>
			</Shape>
						</Glyph>
						<Glyph ID="char_4" 
			       CONTENT="Y"
			       HPOS="518"
			       VPOS="148"
			       WIDTH="1"
			       HEIGHT="39"
			       GC="1.0">
						<Shape>
				<Polygon POINTS="519 148 518 187 518 187 519 148"/>
			</Shape>
						</Glyph>
						<Glyph ID="char_5" 
			       CONTENT="."
			       HPOS="549"
			       VPOS="181"
			       WIDTH="0"
			       HEIGHT="0"
			       GC="0.9982">
						<Shape>
				<Polygon POINTS="549 181 549 181 549 181 549 181"/>
			</Shape>
						</Glyph>
					</String>
				</TextLine>
										</TextBlock>
																					<TextBlock ID="block_2"
						   HPOS="74"
						   VPOS="194" 
						   WIDTH="713" 
						   HEIGHT="1241"
 					            					            					            					            					            					            					            					            					            					            					            					            					            					            					            					           TAGREFS="TYPE_14">
					<Shape>
						<Polygon POINTS="160 194 695 194 781 217 787 1005 764 1435 74 1423 74 211 160 194"/>
					</Shape>
										<TextLine ID="line_2"
	  HPOS="80"
	  VPOS="194" 
	  WIDTH="691" 
	  HEIGHT="64"	  BASELINE="81 230 771 234"
	                                          TAGREFS="TYPE_1"                                                                                                                                  >
			<Shape>
			<Polygon POINTS="754 210 740 206 725 201 711 198 708 197 630 194 625 194 611 194 597 194 582 194 568 194 554 194 539 194 525 194 512 194 495 197 491 194 482 194 468 194 453 194 439 194 425 194 410 194 405 194 356 197 353 197 352 197 340 194 339 194 325 194 312 194 309 197 307 197 279 194 267 194 253 194 239 194 224 194 210 194 196 194 181 194 164 196 161 194 153 194 138 197 124 200 110 203 95 206 90 206 81 230 80 251 751 258 753 258 754 258 770 250 771 234 754 210 754 210"/>
		</Shape>
	        							<String ID="segment_2"
			CONTENT="uiuront" 
			HPOS="94" 
			VPOS="194"
			WIDTH="145" 
			HEIGHT="59" 
			WC="0.9922">
						<Shape>
				<Polygon POINTS="184 193 141 195 140 195 140 195 98 205 94 206 94 251 141 252 239 253 239 253 239 253 239 253 239 253 239 253 239 253 239 253 239 253 239 253 239 253 239 253 239 253 239 253 239 253 239 253 239 253 239 194 239 193 239 193 239 193 239 193 239 193 239 193 239 193 239 193 239 193 239 193 239 193 239 193 239 193 239 193 239 193 239 193 184 193"/>
			</Shape>
									<Glyph ID="char_6" 
			       CONTENT="u"
			       HPOS="94"
			       VPOS="205"
			       WIDTH="4"
			       HEIGHT="46"
			       GC="1.0">
						<Shape>
				<Polygon POINTS="94 206 94 251 98 251 98 205"/>
			</Shape>
						</Glyph>
						<Glyph ID="char_7" 
			       CONTENT="i"
			       HPOS="124"
			       VPOS="200"
			       WIDTH="0"
			       HEIGHT="51"
			       GC="0.9457">
						<Shape>
				<Polygon POINTS="124 200 124 251 124 251 124 200"/>
			</Shape>
						</Glyph>
						<Glyph ID="char_8" 
			       CONTENT="u"
			       HPOS="141"
			       VPOS="196"
			       WIDTH="0"
			       HEIGHT="56"
			       GC="1.0">
						<Shape>
				<Polygon POINTS="141 196 141 252 141 252 141 196"/>
			</Shape>
						</Glyph>
						<Glyph ID="char_9" 
			       CONTENT="r"
			       HPOS="166"
			       VPOS="196"
			       WIDTH="0"
			       HEIGHT="56"
			       GC="1.0">
						<Shape>
				<Polygon POINTS="166 196 166 252 166 252 166 196"/>
			</Shape>
						</Glyph>
						<Glyph ID="char_10" 
			       CONTENT="o"
			       HPOS="184"
			       VPOS="194"
			       WIDTH="0"
			       HEIGHT="58"
			       GC="0.9999">
						<Shape>
				<Polygon POINTS="184 194 184 252 184 252 184 194"/>
			</Shape>
						</Glyph>
						<Glyph ID="char_11" 
			       CONTENT="n"
			       HPOS="213"
			       VPOS="194"
			       WIDTH="0"
			       HEIGHT="58"
			       GC="1.0">
						<Shape>
				<Polygon POINTS="213 194 213 252 213 252 213 194"/>
			</Shape>
						</Glyph>
						<Glyph ID="char_12" 
			       CONTENT="t"
			       HPOS="239"
			       VPOS="194"
			       WIDTH="0"
			       HEIGHT="59"
			       GC="1.0">
						<Shape>
				<Polygon POINTS="239 194 239 253 239 253 239 194"/>
			</Shape>
						</Glyph>
					</String>
									<SP ID="segment_3"
		    HPOS="256" 
		    VPOS="194"
		    WIDTH="4" 
		    HEIGHT="59"/>
									<String ID="segment_4"
			CONTENT="noſtre" 
			HPOS="269" 
			VPOS="194"
			WIDTH="107" 
			HEIGHT="60" 
			WC="0.9999">
						<Shape>
				<Polygon POINTS="269 193 268 193 268 193 268 193 268 193 268 193 268 193 268 193 268 193 268 193 268 193 268 193 268 193 268 193 268 193 268 193 268 194 268 253 268 253 268 253 268 253 268 253 268 253 268 253 268 253 268 253 268 253 268 253 268 253 268 253 268 253 268 253 268 253 269 253 324 254 376 254 376 254 376 254 376 254 376 254 376 254 376 254 376 254 376 254 376 254 376 254 376 254 376 254 376 254 376 254 376 254 376 254 376 196 376 195 376 195 376 195 376 195 376 195 376 195 376 195 376 195 376 195 376 195 376 195 376 195 376 195 376 195 376 195 337 193 337 193 269 193"/>
			</Shape>
									<Glyph ID="char_14" 
			       CONTENT="n"
			       HPOS="269"
			       VPOS="194"
			       WIDTH="0"
			       HEIGHT="59"
			       GC="0.9997">
						<Shape>
				<Polygon POINTS="269 194 269 253 269 253 269 194"/>
			</Shape>
						</Glyph>
						<Glyph ID="char_15" 
			       CONTENT="o"
			       HPOS="295"
			       VPOS="196"
			       WIDTH="4"
			       HEIGHT="57"
			       GC="1.0">
						<Shape>
				<Polygon POINTS="295 196 295 253 299 253 299 196"/>
			</Shape>
						</Glyph>
						<Glyph ID="char_16" 
			       CONTENT="ſ"
			       HPOS="324"
			       VPOS="194"
			       WIDTH="0"
			       HEIGHT="60"
			       GC="1.0">
						<Shape>
				<Polygon POINTS="324 194 324 254 324 254 324 194"/>
			</Shape>
						</Glyph>
						<Glyph ID="char_17" 
			       CONTENT="t"
			       HPOS="337"
			       VPOS="194"
			       WIDTH="0"
			       HEIGHT="60"
			       GC="0.9996">
						<Shape>
				<Polygon POINTS="337 194 337 254 337 254 337 194"/>
			</Shape>
						</Glyph>
						<Glyph ID="char_18" 
			       CONTENT="r"
			       HPOS="354"
			       VPOS="197"
			       WIDTH="5"
			       HEIGHT="57"
			       GC="1.0">
						<Shape>
				<Polygon POINTS="354 197 354 254 359 254 359 197"/>
			</Shape>
						</Glyph>
						<Glyph ID="char_19" 
			       CONTENT="e"
			       HPOS="376"
			       VPOS="196"
			       WIDTH="0"
			       HEIGHT="58"
			       GC="1.0">
						<Shape>
				<Polygon POINTS="376 196 376 254 376 254 376 196"/>
			</Shape>
						</Glyph>
					</String>
									<SP ID="segment_5"
		    HPOS="397" 
		    VPOS="194"
		    WIDTH="4" 
		    HEIGHT="60"/>
									<String ID="segment_6"
			CONTENT="ſiecle," 
			HPOS="406" 
			VPOS="194"
			WIDTH="119" 
			HEIGHT="62" 
			WC="0.9957">
						<Shape>
				<Polygon POINTS="406 193 405 193 405 193 405 193 405 193 405 193 405 193 405 193 405 193 405 193 405 193 405 193 405 193 405 193 405 193 405 193 405 194 405 254 405 254 405 254 405 254 405 254 405 254 405 254 405 254 405 254 405 254 405 254 405 254 405 254 405 254 405 254 405 254 417 255 418 255 521 256 525 256 525 194 457 193 406 193"/>
			</Shape>
									<Glyph ID="char_21" 
			       CONTENT="ſ"
			       HPOS="406"
			       VPOS="194"
			       WIDTH="0"
			       HEIGHT="60"
			       GC="0.9986">
						<Shape>
				<Polygon POINTS="406 194 406 254 406 254 406 194"/>
			</Shape>
						</Glyph>
						<Glyph ID="char_22" 
			       CONTENT="i"
			       HPOS="418"
			       VPOS="194"
			       WIDTH="0"
			       HEIGHT="61"
			       GC="1.0">
						<Shape>
				<Polygon POINTS="418 194 418 255 418 255 418 194"/>
			</Shape>
						</Glyph>
						<Glyph ID="char_23" 
			       CONTENT="e"
			       HPOS="436"
			       VPOS="194"
			       WIDTH="0"
			       HEIGHT="61"
			       GC="1.0">
						<Shape>
				<Polygon POINTS="436 194 436 255 436 255 436 194"/>
			</Shape>
						</Glyph>
						<Glyph ID="char_24" 
			       CONTENT="c"
			       HPOS="457"
			       VPOS="194"
			       WIDTH="0"
			       HEIGHT="61"
			       GC="0.9713">
						<Shape>
				<Polygon POINTS="457 194 457 255 457 255 457 194"/>
			</Shape>
						</Glyph>
						<Glyph ID="char_25" 
			       CONTENT="l"
			       HPOS="478"
			       VPOS="194"
			       WIDTH="5"
			       HEIGHT="61"
			       GC="1.0">
						<Shape>
				<Polygon POINTS="478 194 478 255 483 255 483 194"/>
			</Shape>
						</Glyph>
						<Glyph ID="char_26" 
			       CONTENT="e"
			       HPOS="495"
			       VPOS="197"
			       WIDTH="0"
			       HEIGHT="58"
			       GC="0.9999">
						<Shape>
				<Polygon POINTS="495 197 495 255 495 255 495 197"/>
			</Shape>
						</Glyph>
						<Glyph ID="char_27" 
			       CONTENT=","
			       HPOS="521"
			       VPOS="194"
			       WIDTH="4"
			       HEIGHT="62"
			       GC="1.0">
						<Shape>
				<Polygon POINTS="521 194 521 256 525 256 525 194"/>
			</Shape>
						</Glyph>
					</String>
									<SP ID="segment_7"
		    HPOS="534" 
		    VPOS="194"
		    WIDTH="4" 
		    HEIGHT="62"/>
									<String ID="segment_8"
			CONTENT="les" 
			HPOS="547" 
			VPOS="194"
			WIDTH="34" 
			HEIGHT="62" 
			WC="0.9731">
						<Shape>
				<Polygon POINTS="547 193 546 193 546 193 546 193 546 193 546 193 546 193 546 193 546 193 546 193 546 193 546 193 546 193 546 193 546 193 546 193 546 194 546 256 546 256 546 256 546 256 546 256 546 256 546 256 546 256 546 256 546 256 546 256 546 256 546 256 546 256 546 256 546 256 547 256 581 256 581 256 581 256 581 256 581 256 581 256 581 256 581 256 581 256 581 256 581 256 581 256 581 256 581 256 581 256 581 256 581 256 581 194 581 193 581 193 581 193 581 193 581 193 581 193 581 193 581 193 581 193 581 193 581 193 581 193 581 193 581 193 581 193 581 193 547 193"/>
			</Shape>
									<Glyph ID="char_29" 
			       CONTENT="l"
			       HPOS="547"
			       VPOS="194"
			       WIDTH="0"
			       HEIGHT="62"
			       GC="0.921">
						<Shape>
				<Polygon POINTS="547 194 547 256 547 256 547 194"/>
			</Shape>
						</Glyph>
						<Glyph ID="char_30" 
			       CONTENT="e"
			       HPOS="559"
			       VPOS="194"
			       WIDTH="0"
			       HEIGHT="62"
			       GC="0.9983">
						<Shape>
				<Polygon POINTS="559 194 559 256 559 256 559 194"/>
			</Shape>
						</Glyph>
						<Glyph ID="char_31" 
			       CONTENT="s"
			       HPOS="581"
			       VPOS="194"
			       WIDTH="0"
			       HEIGHT="62"
			       GC="1.0">
						<Shape>
				<Polygon POINTS="581 194 581 256 581 256 581 194"/>
			</Shape>
						</Glyph>
					</String>
									<SP ID="segment_9"
		    HPOS="598" 
		    VPOS="194"
		    WIDTH="4" 
		    HEIGHT="62"/>
									<String ID="segment_10"
			CONTENT="admira¬" 
			HPOS="611" 
			VPOS="194"
			WIDTH="160" 
			HEIGHT="64" 
			WC="0.9544">
						<Shape>
				<Polygon POINTS="611 193 610 193 610 193 610 193 610 193 610 193 610 193 610 193 610 193 610 193 610 193 610 193 610 193 610 193 610 193 610 193 610 194 610 257 610 257 610 257 610 257 610 257 610 257 610 257 610 257 610 257 610 257 610 257 610 257 610 257 610 257 610 257 610 257 611 257 705 258 739 258 739 258 739 258 739 258 739 258 739 258 739 258 739 258 771 234 771 234 771 234 771 234 771 234 771 234 771 234 771 234 771 234 771 234 771 233 771 233 771 233 771 233 771 233 771 233 771 233 771 233 771 233 739 205 739 205 739 205 739 205 739 205 717 198 717 198 705 196 705 196 705 196 662 194 636 193 611 193"/>
			</Shape>
									<Glyph ID="char_33" 
			       CONTENT="a"
			       HPOS="611"
			       VPOS="194"
			       WIDTH="0"
			       HEIGHT="63"
			       GC="0.7046">
						<Shape>
				<Polygon POINTS="611 194 611 257 611 257 611 194"/>
			</Shape>
						</Glyph>
						<Glyph ID="char_34" 
			       CONTENT="d"
			       HPOS="636"
			       VPOS="194"
			       WIDTH="0"
			       HEIGHT="63"
			       GC="0.997">
						<Shape>
				<Polygon POINTS="636 194 636 257 636 257 636 194"/>
			</Shape>
						</Glyph>
						<Glyph ID="char_35" 
			       CONTENT="m"
			       HPOS="662"
			       VPOS="195"
			       WIDTH="0"
			       HEIGHT="62"
			       GC="0.9999">
						<Shape>
				<Polygon POINTS="662 195 662 257 662 257 662 195"/>
			</Shape>
						</Glyph>
						<Glyph ID="char_36" 
			       CONTENT="i"
			       HPOS="705"
			       VPOS="197"
			       WIDTH="0"
			       HEIGHT="61"
			       GC="0.9999">
						<Shape>
				<Polygon POINTS="705 197 705 258 705 258 705 197"/>
			</Shape>
						</Glyph>
						<Glyph ID="char_37" 
			       CONTENT="r"
			       HPOS="717"
			       VPOS="199"
			       WIDTH="0"
			       HEIGHT="59"
			       GC="0.9896">
						<Shape>
				<Polygon POINTS="717 199 717 258 717 258 717 199"/>
			</Shape>
						</Glyph>
						<Glyph ID="char_38" 
			       CONTENT="a"
			       HPOS="739"
			       VPOS="206"
			       WIDTH="0"
			       HEIGHT="52"
			       GC="0.9998">
						<Shape>
				<Polygon POINTS="739 206 739 258 739 258 739 206"/>
			</Shape>
						</Glyph>
						<Glyph ID="char_39" 
			       CONTENT="¬"
			       HPOS="771"
			       VPOS="234"
			       WIDTH="0"
			       HEIGHT="0"
			       GC="0.9901">
						<Shape>
				<Polygon POINTS="771 234 771 234 771 234 771 234"/>
			</Shape>
						</Glyph>
					</String>
				</TextLine>
										<TextLine ID="line_3"
	  HPOS="81"
	  VPOS="243" 
	  WIDTH="689" 
	  HEIGHT="71"	  BASELINE="83 287 770 290"
	                                          TAGREFS="TYPE_1"                                                                                                                                  >
			<Shape>
			<Polygon POINTS="83 287 81 301 114 311 115 311 117 313 262 313 262 311 263 311 264 311 274 303 276 301 280 303 302 311 303 311 304 311 306 311 332 303 340 301 469 301 472 304 483 313 485 313 486 313 488 314 604 314 604 313 605 313 607 313 615 306 620 303 695 303 698 306 705 313 707 313 708 313 710 313 768 306 770 290 768 258 658 258 654 256 647 250 645 250 644 250 642 250 641 250 628 254 620 257 609 254 594 250 592 250 591 250 542 253 488 256 478 251 465 246 463 246 462 246 461 246 448 250 430 257 395 250 382 247 380 247 379 247 372 248 352 254 345 248 340 246 340 244 339 244 337 244 336 244 313 247 287 251 280 247 277 244 276 244 274 244 214 244 213 244 211 244 210 244 210 246 196 257 171 257 138 244 137 244 83 243 83 287"/>
		</Shape>
	        							<String ID="segment_11"
			CONTENT="bles" 
			HPOS="83" 
			VPOS="244"
			WIDTH="86" 
			HEIGHT="69" 
			WC="0.999">
						<Shape>
				<Polygon POINTS="131 243 130 243 130 243 130 243 130 243 130 243 130 243 130 243 82 286 82 286 82 286 82 286 82 286 82 286 82 286 82 286 82 286 82 287 82 287 82 287 82 287 82 287 82 287 82 287 82 287 82 287 82 287 82 287 82 287 130 313 130 313 130 313 130 313 130 313 131 313 169 313 169 313 169 313 169 313 169 313 169 313 169 313 169 313 169 313 169 313 169 313 169 313 169 313 169 313 169 313 169 313 169 313 169 256 169 255 169 255 169 255 169 255 169 255 169 255 169 255 169 255 169 255 169 255 169 255 169 255 140 245 131 243 131 243 131 243"/>
			</Shape>
									<Glyph ID="char_40" 
			       CONTENT="b"
			       HPOS="83"
			       VPOS="287"
			       WIDTH="0"
			       HEIGHT="0"
			       GC="0.997">
						<Shape>
				<Polygon POINTS="83 287 83 287 83 287 83 287"/>
			</Shape>
						</Glyph>
						<Glyph ID="char_41" 
			       CONTENT="l"
			       HPOS="131"
			       VPOS="244"
			       WIDTH="0"
			       HEIGHT="69"
			       GC="0.9993">
						<Shape>
				<Polygon POINTS="131 244 131 313 131 313 131 244"/>
			</Shape>
						</Glyph>
						<Glyph ID="char_42" 
			       CONTENT="e"
			       HPOS="140"
			       VPOS="245"
			       WIDTH="5"
			       HEIGHT="68"
			       GC="1.0">
						<Shape>
				<Polygon POINTS="140 245 140 313 145 313 145 247"/>
			</Shape>
						</Glyph>
						<Glyph ID="char_43" 
			       CONTENT="s"
			       HPOS="169"
			       VPOS="256"
			       WIDTH="0"
			       HEIGHT="57"
			       GC="0.9999">
						<Shape>
				<Polygon POINTS="169 256 169 313 169 313 169 256"/>
			</Shape>
						</Glyph>
					</String>
									<SP ID="segment_12"
		    HPOS="188" 
		    VPOS="257"
		    WIDTH="4" 
		    HEIGHT="56"/>
									<String ID="segment_13"
			CONTENT="effets" 
			HPOS="197" 
			VPOS="244"
			WIDTH="95" 
			HEIGHT="69" 
			WC="0.9976">
						<Shape>
				<Polygon POINTS="221 243 220 243 220 243 220 243 220 243 220 243 196 255 196 255 196 255 196 255 196 255 196 255 196 255 196 255 196 255 196 255 196 255 196 256 196 313 196 313 196 313 196 313 196 313 196 313 196 313 196 313 196 313 196 313 196 313 196 313 196 313 196 313 196 313 196 313 197 313 254 313 254 313 254 313 292 307 292 307 292 307 292 307 292 307 292 307 292 307 292 307 292 307 292 307 292 307 292 307 292 307 292 307 292 307 292 250 292 249 292 249 292 249 292 249 292 249 292 249 292 249 292 249 292 249 292 249 292 249 292 249 292 249 273 243 273 243 273 243 273 243 221 243"/>
			</Shape>
									<Glyph ID="char_45" 
			       CONTENT="e"
			       HPOS="197"
			       VPOS="256"
			       WIDTH="0"
			       HEIGHT="57"
			       GC="1.0">
						<Shape>
				<Polygon POINTS="197 256 197 313 197 313 197 256"/>
			</Shape>
						</Glyph>
						<Glyph ID="char_46" 
			       CONTENT="f"
			       HPOS="221"
			       VPOS="244"
			       WIDTH="0"
			       HEIGHT="69"
			       GC="0.9913">
						<Shape>
				<Polygon POINTS="221 244 221 313 221 313 221 244"/>
			</Shape>
						</Glyph>
						<Glyph ID="char_47" 
			       CONTENT="f"
			       HPOS="235"
			       VPOS="244"
			       WIDTH="0"
			       HEIGHT="69"
			       GC="0.9948">
						<Shape>
				<Polygon POINTS="235 244 235 313 235 313 235 244"/>
			</Shape>
						</Glyph>
						<Glyph ID="char_48" 
			       CONTENT="e"
			       HPOS="254"
			       VPOS="244"
			       WIDTH="0"
			       HEIGHT="69"
			       GC="1.0">
						<Shape>
				<Polygon POINTS="254 244 254 313 254 313 254 244"/>
			</Shape>
						</Glyph>
						<Glyph ID="char_49" 
			       CONTENT="t"
			       HPOS="273"
			       VPOS="244"
			       WIDTH="0"
			       HEIGHT="60"
			       GC="0.9999">
						<Shape>
				<Polygon POINTS="273 244 273 304 273 304 273 244"/>
			</Shape>
						</Glyph>
						<Glyph ID="char_50" 
			       CONTENT="s"
			       HPOS="292"
			       VPOS="250"
			       WIDTH="0"
			       HEIGHT="57"
			       GC="0.9996">
						<Shape>
				<Polygon POINTS="292 250 292 307 292 307 292 250"/>
			</Shape>
						</Glyph>
					</String>
									<SP ID="segment_14"
		    HPOS="311" 
		    VPOS="247"
		    WIDTH="5" 
		    HEIGHT="62"/>
									<String ID="segment_15"
			CONTENT="de" 
			HPOS="321" 
			VPOS="246"
			WIDTH="33" 
			HEIGHT="60" 
			WC="0.9999">
						<Shape>
				<Polygon POINTS="321 245 320 245 320 245 320 245 320 245 320 245 320 245 320 245 320 245 320 245 320 245 320 245 320 245 320 245 320 245 320 245 320 246 320 306 320 306 320 306 320 306 320 306 320 306 320 306 320 306 320 306 320 306 320 306 320 306 320 306 320 306 320 306 320 306 321 306 321 306 321 306 354 301 354 253 321 245 321 245 321 245"/>
			</Shape>
									<Glyph ID="char_52" 
			       CONTENT="d"
			       HPOS="321"
			       VPOS="246"
			       WIDTH="0"
			       HEIGHT="60"
			       GC="1.0">
						<Shape>
				<Polygon POINTS="321 246 321 306 321 306 321 246"/>
			</Shape>
						</Glyph>
						<Glyph ID="char_53" 
			       CONTENT="e"
			       HPOS="349"
			       VPOS="252"
			       WIDTH="5"
			       HEIGHT="49"
			       GC="0.9999">
						<Shape>
				<Polygon POINTS="349 252 349 301 354 301 354 253"/>
			</Shape>
						</Glyph>
					</String>
									<SP ID="segment_16"
		    HPOS="373" 
		    VPOS="248"
		    WIDTH="0" 
		    HEIGHT="53"/>
									<String ID="segment_17"
			CONTENT="vos" 
			HPOS="383" 
			VPOS="247"
			WIDTH="52" 
			HEIGHT="54" 
			WC="0.9751">
						<Shape>
				<Polygon POINTS="383 246 382 246 382 246 382 246 382 246 382 246 382 246 382 246 382 246 382 246 382 246 382 246 382 246 382 246 382 246 382 246 382 247 382 301 382 301 382 301 382 301 382 301 382 301 382 301 382 301 382 301 382 301 382 301 382 301 382 301 382 301 382 301 382 301 383 301 435 301 435 301 435 301 435 301 435 301 435 301 435 301 435 301 435 301 435 301 435 301 435 301 435 301 435 301 435 301 435 301 435 301 435 255 435 254 435 254 435 254 435 254 435 254 435 254 435 254 435 254 435 254 435 254 435 254 435 254 435 254 435 254 383 246 383 246 383 246"/>
			</Shape>
									<Glyph ID="char_55" 
			       CONTENT="v"
			       HPOS="383"
			       VPOS="247"
			       WIDTH="0"
			       HEIGHT="54"
			       GC="0.9254">
						<Shape>
				<Polygon POINTS="383 247 383 301 383 301 383 247"/>
			</Shape>
						</Glyph>
						<Glyph ID="char_56" 
			       CONTENT="o"
			       HPOS="411"
			       VPOS="253"
			       WIDTH="0"
			       HEIGHT="48"
			       GC="0.9999">
						<Shape>
				<Polygon POINTS="411 253 411 301 411 301 411 253"/>
			</Shape>
						</Glyph>
						<Glyph ID="char_57" 
			       CONTENT="s"
			       HPOS="435"
			       VPOS="255"
			       WIDTH="0"
			       HEIGHT="46"
			       GC="0.9999">
						<Shape>
				<Polygon POINTS="435 255 435 301 435 301 435 255"/>
			</Shape>
						</Glyph>
					</String>
									<SP ID="segment_18"
		    HPOS="459" 
		    VPOS="246"
		    WIDTH="5" 
		    HEIGHT="55"/>
									<String ID="segment_19"
			CONTENT="heroiques" 
			HPOS="473" 
			VPOS="249"
			WIDTH="195" 
			HEIGHT="65" 
			WC="0.9995">
						<Shape>
				<Polygon POINTS="473 248 472 248 472 248 472 248 472 248 472 248 472 248 472 248 472 248 472 248 472 248 472 248 472 248 472 248 472 248 472 248 472 249 472 305 472 305 472 305 472 305 472 305 472 305 472 305 472 305 472 305 472 305 472 305 472 305 472 305 472 305 501 314 501 314 501 314 502 314 587 314 587 314 668 303 668 258 644 249 644 249 644 249 644 249 473 248"/>
			</Shape>
									<Glyph ID="char_59" 
			       CONTENT="h"
			       HPOS="473"
			       VPOS="249"
			       WIDTH="0"
			       HEIGHT="56"
			       GC="1.0">
						<Shape>
				<Polygon POINTS="473 249 473 305 473 305 473 249"/>
			</Shape>
						</Glyph>
						<Glyph ID="char_60" 
			       CONTENT="e"
			       HPOS="502"
			       VPOS="255"
			       WIDTH="0"
			       HEIGHT="59"
			       GC="0.9999">
						<Shape>
				<Polygon POINTS="502 255 502 314 502 314 502 255"/>
			</Shape>
						</Glyph>
						<Glyph ID="char_61" 
			       CONTENT="r"
			       HPOS="526"
			       VPOS="254"
			       WIDTH="0"
			       HEIGHT="60"
			       GC="1.0">
						<Shape>
				<Polygon POINTS="526 254 526 314 526 314 526 254"/>
			</Shape>
						</Glyph>
						<Glyph ID="char_62" 
			       CONTENT="o"
			       HPOS="545"
			       VPOS="253"
			       WIDTH="0"
			       HEIGHT="61"
			       GC="1.0">
						<Shape>
				<Polygon POINTS="545 253 545 314 545 314 545 253"/>
			</Shape>
						</Glyph>
						<Glyph ID="char_63" 
			       CONTENT="i"
			       HPOS="568"
			       VPOS="251"
			       WIDTH="5"
			       HEIGHT="63"
			       GC="1.0">
						<Shape>
				<Polygon POINTS="568 251 568 314 573 314 573 251"/>
			</Shape>
						</Glyph>
						<Glyph ID="char_64" 
			       CONTENT="q"
			       HPOS="587"
			       VPOS="250"
			       WIDTH="0"
			       HEIGHT="64"
			       GC="0.9996">
						<Shape>
				<Polygon POINTS="587 250 587 314 587 314 587 250"/>
			</Shape>
						</Glyph>
						<Glyph ID="char_65" 
			       CONTENT="u"
			       HPOS="616"
			       VPOS="256"
			       WIDTH="0"
			       HEIGHT="49"
			       GC="0.9986">
						<Shape>
				<Polygon POINTS="616 256 616 305 616 305 616 256"/>
			</Shape>
						</Glyph>
						<Glyph ID="char_66" 
			       CONTENT="e"
			       HPOS="644"
			       VPOS="250"
			       WIDTH="0"
			       HEIGHT="53"
			       GC="0.9976">
						<Shape>
				<Polygon POINTS="644 250 644 303 644 303 644 250"/>
			</Shape>
						</Glyph>
						<Glyph ID="char_67" 
			       CONTENT="s"
			       HPOS="664"
			       VPOS="258"
			       WIDTH="4"
			       HEIGHT="45"
			       GC="0.9999">
						<Shape>
				<Polygon POINTS="664 258 664 303 668 303 668 258"/>
			</Shape>
						</Glyph>
					</String>
									<SP ID="segment_20"
		    HPOS="678" 
		    VPOS="258"
		    WIDTH="5" 
		    HEIGHT="45"/>
									<String ID="segment_21"
			CONTENT="ver¬" 
			HPOS="692" 
			VPOS="258"
			WIDTH="78" 
			HEIGHT="54" 
			WC="0.9994">
						<Shape>
				<Polygon POINTS="692 257 691 257 691 257 691 257 691 257 691 257 691 257 691 257 691 257 691 257 691 257 691 257 691 257 691 257 691 257 691 257 691 258 691 303 691 303 691 303 691 303 691 303 691 303 691 303 691 303 691 303 691 303 691 303 691 303 691 303 715 312 715 312 715 312 715 312 716 312 716 312 740 309 740 309 740 309 740 309 740 309 740 309 770 290 770 290 770 290 770 290 770 290 770 290 770 290 770 290 770 290 770 290 770 290 770 289 770 289 770 289 770 289 770 289 770 289 770 289 770 289 740 257 740 257 740 257 740 257 740 257 740 257 740 257 740 257 740 257 692 257"/>
			</Shape>
									<Glyph ID="char_69" 
			       CONTENT="v"
			       HPOS="692"
			       VPOS="258"
			       WIDTH="0"
			       HEIGHT="45"
			       GC="0.9999">
						<Shape>
				<Polygon POINTS="692 258 692 303 692 303 692 258"/>
			</Shape>
						</Glyph>
						<Glyph ID="char_70" 
			       CONTENT="e"
			       HPOS="716"
			       VPOS="258"
			       WIDTH="0"
			       HEIGHT="54"
			       GC="0.9999">
						<Shape>
				<Polygon POINTS="716 258 716 312 716 312 716 258"/>
			</Shape>
						</Glyph>
						<Glyph ID="char_71" 
			       CONTENT="r"
			       HPOS="740"
			       VPOS="258"
			       WIDTH="0"
			       HEIGHT="51"
			       GC="0.9999">
						<Shape>
				<Polygon POINTS="740 258 740 309 740 309 740 258"/>
			</Shape>
						</Glyph>
						<Glyph ID="char_72" 
			       CONTENT="¬"
			       HPOS="770"
			       VPOS="290"
			       WIDTH="0"
			       HEIGHT="0"
			       GC="0.9979">
						<Shape>
				<Polygon POINTS="770 290 770 290 770 290 770 290"/>
			</Shape>
						</Glyph>
					</String>
				</TextLine>
										<TextLine ID="line_4"
	  HPOS="83"
	  VPOS="300" 
	  WIDTH="687" 
	  HEIGHT="74"	  BASELINE="84 343 770 351"
	                                          TAGREFS="TYPE_1"                                                                                                                                  >
			<Shape>
			<Polygon POINTS="84 343 83 356 137 356 141 357 158 364 160 364 161 364 163 364 178 357 183 356 237 356 241 357 274 367 276 367 277 367 336 362 347 369 349 369 350 369 352 369 408 363 425 370 426 370 428 370 502 360 512 369 512 370 514 370 515 370 542 372 544 372 545 372 546 372 564 362 594 362 607 372 608 372 609 372 655 373 657 374 750 374 750 373 751 373 753 373 768 362 770 351 768 317 715 309 714 309 670 316 662 316 658 314 627 304 625 304 624 304 622 304 605 314 602 316 568 316 565 313 541 303 539 303 538 303 498 313 494 314 428 314 425 311 405 301 403 301 402 301 400 301 372 310 367 311 309 311 307 310 293 300 292 300 290 300 289 300 84 306 84 343"/>
		</Shape>
	        							<String ID="segment_22"
			CONTENT="tus," 
			HPOS="94" 
			VPOS="303"
			WIDTH="80" 
			HEIGHT="56" 
			WC="1.0">
						<Shape>
				<Polygon POINTS="174 302 117 304 116 304 94 306 94 356 145 359 146 359 174 359 174 359 174 359 174 359 174 359 174 359 174 359 174 359 174 359 174 359 174 359 174 359 174 359 174 359 174 359 174 359 174 359 174 303 174 302 174 302 174 302 174 302 174 302 174 302 174 302 174 302 174 302 174 302 174 302 174 302 174 302 174 302 174 302 174 302"/>
			</Shape>
									<Glyph ID="char_73" 
			       CONTENT="t"
			       HPOS="94"
			       VPOS="306"
			       WIDTH="4"
			       HEIGHT="50"
			       GC="1.0">
						<Shape>
				<Polygon POINTS="94 306 94 356 98 356 98 306"/>
			</Shape>
						</Glyph>
						<Glyph ID="char_74" 
			       CONTENT="u"
			       HPOS="117"
			       VPOS="305"
			       WIDTH="0"
			       HEIGHT="51"
			       GC="1.0">
						<Shape>
				<Polygon POINTS="117 305 117 356 117 356 117 305"/>
			</Shape>
						</Glyph>
						<Glyph ID="char_75" 
			       CONTENT="s"
			       HPOS="146"
			       VPOS="304"
			       WIDTH="0"
			       HEIGHT="55"
			       GC="1.0">
						<Shape>
				<Polygon POINTS="146 304 146 359 146 359 146 304"/>
			</Shape>
						</Glyph>
						<Glyph ID="char_76" 
			       CONTENT=","
			       HPOS="174"
			       VPOS="303"
			       WIDTH="0"
			       HEIGHT="56"
			       GC="0.9999">
						<Shape>
				<Polygon POINTS="174 303 174 359 174 359 174 303"/>
			</Shape>
						</Glyph>
					</String>
									<SP ID="segment_23"
		    HPOS="193" 
		    VPOS="303"
		    WIDTH="5" 
		    HEIGHT="53"/>
									<String ID="segment_24"
			CONTENT="blaſmeroit" 
			HPOS="207" 
			VPOS="300"
			WIDTH="209" 
			HEIGHT="69" 
			WC="0.9824">
						<Shape>
				<Polygon POINTS="275 299 207 301 206 301 206 301 206 301 206 301 206 301 206 301 206 301 206 301 206 301 206 301 206 301 206 301 206 301 206 301 206 301 206 302 206 356 206 356 206 356 206 356 206 356 206 356 206 356 206 356 206 356 206 356 206 356 206 356 206 356 206 356 206 356 273 367 273 367 273 367 354 369 416 366 416 366 416 366 416 366 416 366 416 366 416 366 416 366 416 366 416 366 416 366 416 366 416 366 416 366 416 366 416 366 416 366 416 307 416 306 416 306 416 306 416 306 416 306 416 306 416 306 416 306 416 306 416 306 416 306 416 306 403 300 403 300 403 300 403 300 403 300 289 299 275 299"/>
			</Shape>
									<Glyph ID="char_78" 
			       CONTENT="b"
			       HPOS="207"
			       VPOS="302"
			       WIDTH="0"
			       HEIGHT="54"
			       GC="0.9821">
						<Shape>
				<Polygon POINTS="207 302 207 356 207 356 207 302"/>
			</Shape>
						</Glyph>
						<Glyph ID="char_79" 
			       CONTENT="l"
			       HPOS="236"
			       VPOS="302"
			       WIDTH="0"
			       HEIGHT="54"
			       GC="0.966">
						<Shape>
				<Polygon POINTS="236 302 236 356 236 356 236 302"/>
			</Shape>
						</Glyph>
						<Glyph ID="char_80" 
			       CONTENT="a"
			       HPOS="250"
			       VPOS="301"
			       WIDTH="0"
			       HEIGHT="59"
			       GC="1.0">
						<Shape>
				<Polygon POINTS="250 301 250 360 250 360 250 301"/>
			</Shape>
						</Glyph>
						<Glyph ID="char_81" 
			       CONTENT="ſ"
			       HPOS="274"
			       VPOS="300"
			       WIDTH="1"
			       HEIGHT="67"
			       GC="0.8785">
						<Shape>
				<Polygon POINTS="275 300 274 367 274 367 275 300"/>
			</Shape>
						</Glyph>
						<Glyph ID="char_82" 
			       CONTENT="m"
			       HPOS="288"
			       VPOS="300"
			       WIDTH="1"
			       HEIGHT="66"
			       GC="1.0">
						<Shape>
				<Polygon POINTS="289 300 288 366 288 366 289 300"/>
			</Shape>
						</Glyph>
						<Glyph ID="char_83" 
			       CONTENT="e"
			       HPOS="331"
			       VPOS="311"
			       WIDTH="0"
			       HEIGHT="51"
			       GC="0.9986">
						<Shape>
				<Polygon POINTS="331 311 331 362 331 362 331 311"/>
			</Shape>
						</Glyph>
						<Glyph ID="char_84" 
			       CONTENT="r"
			       HPOS="354"
			       VPOS="311"
			       WIDTH="0"
			       HEIGHT="58"
			       GC="1.0">
						<Shape>
				<Polygon POINTS="354 311 354 369 354 369 354 311"/>
			</Shape>
						</Glyph>
						<Glyph ID="char_85" 
			       CONTENT="o"
			       HPOS="373"
			       VPOS="310"
			       WIDTH="0"
			       HEIGHT="57"
			       GC="0.9989">
						<Shape>
				<Polygon POINTS="373 310 373 367 373 367 373 310"/>
			</Shape>
						</Glyph>
						<Glyph ID="char_86" 
			       CONTENT="i"
			       HPOS="402"
			       VPOS="301"
			       WIDTH="1"
			       HEIGHT="63"
			       GC="0.9996">
						<Shape>
				<Polygon POINTS="403 301 402 364 402 364 403 301"/>
			</Shape>
						</Glyph>
						<Glyph ID="char_87" 
			       CONTENT="t"
			       HPOS="416"
			       VPOS="307"
			       WIDTH="0"
			       HEIGHT="59"
			       GC="1.0">
						<Shape>
				<Polygon POINTS="416 307 416 366 416 366 416 307"/>
			</Shape>
						</Glyph>
					</String>
									<SP ID="segment_25"
		    HPOS="454" 
		    VPOS="314"
		    WIDTH="10" 
		    HEIGHT="53"/>
									<String ID="segment_26"
			CONTENT="noſtre" 
			HPOS="468" 
			VPOS="303"
			WIDTH="109" 
			HEIGHT="69" 
			WC="0.9977">
						<Shape>
				<Polygon POINTS="539 302 538 302 538 302 467 313 467 313 467 313 467 313 467 313 467 313 467 313 467 313 467 313 467 313 467 313 467 313 467 313 467 313 467 314 467 365 467 365 467 365 467 365 467 365 467 365 467 365 467 365 467 365 467 365 467 365 467 365 467 365 467 365 467 365 467 365 524 371 538 372 539 372 539 372 539 372 539 372 577 362 577 362 577 362 577 362 577 362 577 362 577 362 577 362 577 362 577 362 577 362 577 362 577 362 577 362 577 316 577 315 577 315 577 315 577 315 577 315 577 315 577 315 577 315 577 315 577 315 577 315 577 315 577 315 539 302 539 302 539 302 539 302"/>
			</Shape>
									<Glyph ID="char_89" 
			       CONTENT="n"
			       HPOS="468"
			       VPOS="314"
			       WIDTH="0"
			       HEIGHT="51"
			       GC="1.0">
						<Shape>
				<Polygon POINTS="468 314 468 365 468 365 468 314"/>
			</Shape>
						</Glyph>
						<Glyph ID="char_90" 
			       CONTENT="o"
			       HPOS="502"
			       VPOS="312"
			       WIDTH="0"
			       HEIGHT="48"
			       GC="0.9988">
						<Shape>
				<Polygon POINTS="502 312 502 360 502 360 502 312"/>
			</Shape>
						</Glyph>
						<Glyph ID="char_91" 
			       CONTENT="ſ"
			       HPOS="525"
			       VPOS="306"
			       WIDTH="0"
			       HEIGHT="65"
			       GC="0.9877">
						<Shape>
				<Polygon POINTS="525 306 525 371 525 371 525 306"/>
			</Shape>
						</Glyph>
						<Glyph ID="char_92" 
			       CONTENT="t"
			       HPOS="539"
			       VPOS="303"
			       WIDTH="0"
			       HEIGHT="69"
			       GC="1.0">
						<Shape>
				<Polygon POINTS="539 303 539 372 539 372 539 303"/>
			</Shape>
						</Glyph>
						<Glyph ID="char_93" 
			       CONTENT="r"
			       HPOS="558"
			       VPOS="310"
			       WIDTH="0"
			       HEIGHT="55"
			       GC="0.9996">
						<Shape>
				<Polygon POINTS="558 310 558 365 558 365 558 310"/>
			</Shape>
						</Glyph>
						<Glyph ID="char_94" 
			       CONTENT="e"
			       HPOS="577"
			       VPOS="316"
			       WIDTH="0"
			       HEIGHT="46"
			       GC="0.9998">
						<Shape>
				<Polygon POINTS="577 316 577 362 577 362 577 316"/>
			</Shape>
						</Glyph>
					</String>
									<SP ID="segment_27"
		    HPOS="611" 
		    VPOS="308"
		    WIDTH="4" 
		    HEIGHT="64"/>
									<String ID="segment_28"
			CONTENT="ingrate" 
			HPOS="625" 
			VPOS="304"
			WIDTH="128" 
			HEIGHT="70" 
			WC="0.9452">
						<Shape>
				<Polygon POINTS="625 303 624 303 624 303 624 303 624 303 624 303 624 303 624 303 624 303 624 303 624 303 624 303 624 303 624 303 624 303 624 303 624 304 624 372 624 372 624 372 624 372 624 372 624 372 624 372 624 372 624 372 624 372 624 372 624 372 624 372 624 372 624 372 624 372 638 373 639 373 668 374 734 374 748 374 753 373 753 315 748 314 734 311 734 311 715 309 625 303 625 303"/>
			</Shape>
									<Glyph ID="char_96" 
			       CONTENT="i"
			       HPOS="625"
			       VPOS="304"
			       WIDTH="0"
			       HEIGHT="68"
			       GC="0.6179">
						<Shape>
				<Polygon POINTS="625 304 625 372 625 372 625 304"/>
			</Shape>
						</Glyph>
						<Glyph ID="char_97" 
			       CONTENT="n"
			       HPOS="639"
			       VPOS="308"
			       WIDTH="0"
			       HEIGHT="65"
			       GC="0.9992">
						<Shape>
				<Polygon POINTS="639 308 639 373 639 373 639 308"/>
			</Shape>
						</Glyph>
						<Glyph ID="char_98" 
			       CONTENT="g"
			       HPOS="668"
			       VPOS="316"
			       WIDTH="0"
			       HEIGHT="58"
			       GC="0.9999">
						<Shape>
				<Polygon POINTS="668 316 668 374 668 374 668 316"/>
			</Shape>
						</Glyph>
						<Glyph ID="char_99" 
			       CONTENT="r"
			       HPOS="696"
			       VPOS="312"
			       WIDTH="0"
			       HEIGHT="62"
			       GC="0.9998">
						<Shape>
				<Polygon POINTS="696 312 696 374 696 374 696 312"/>
			</Shape>
						</Glyph>
						<Glyph ID="char_100" 
			       CONTENT="a"
			       HPOS="710"
			       VPOS="309"
			       WIDTH="5"
			       HEIGHT="65"
			       GC="0.9999">
						<Shape>
				<Polygon POINTS="710 310 710 374 715 374 715 309"/>
			</Shape>
						</Glyph>
						<Glyph ID="char_101" 
			       CONTENT="t"
			       HPOS="734"
			       VPOS="312"
			       WIDTH="0"
			       HEIGHT="62"
			       GC="0.9998">
						<Shape>
				<Polygon POINTS="734 312 734 374 734 374 734 312"/>
			</Shape>
						</Glyph>
						<Glyph ID="char_102" 
			       CONTENT="e"
			       HPOS="748"
			       VPOS="314"
			       WIDTH="5"
			       HEIGHT="60"
			       GC="0.9997">
						<Shape>
				<Polygon POINTS="748 314 748 374 753 373 753 315"/>
			</Shape>
						</Glyph>
					</String>
				</TextLine>
										<TextLine ID="line_5"
	  HPOS="80"
	  VPOS="359" 
	  WIDTH="688" 
	  HEIGHT="64"	  BASELINE="81 400 768 404"
	                                          TAGREFS="TYPE_1"                                                                                                                                  >
			<Shape>
			<Polygon POINTS="81 400 80 409 146 419 147 419 189 413 200 420 201 420 203 420 204 420 296 412 303 412 319 422 320 422 322 422 323 422 325 422 355 413 393 422 395 423 452 423 452 422 453 422 471 413 472 413 491 422 492 422 494 422 495 422 511 414 512 414 627 423 628 423 767 416 768 404 766 370 675 372 665 367 648 362 647 362 645 362 644 362 642 362 635 367 631 372 624 367 615 363 614 363 612 363 611 363 609 363 605 367 599 373 549 373 512 366 476 360 475 360 473 360 472 360 466 364 458 372 422 372 409 364 400 360 399 360 398 360 396 360 380 364 365 367 339 363 310 359 309 359 259 362 186 367 176 360 173 359 171 359 170 359 168 359 167 359 161 360 140 367 81 360 81 400"/>
		</Shape>
	        							<String ID="segment_29"
			CONTENT="mecognoiſſance," 
			HPOS="98" 
			VPOS="359"
			WIDTH="351" 
			HEIGHT="64" 
			WC="0.9951">
						<Shape>
				<Polygon POINTS="312 358 162 359 98 361 97 361 97 361 97 361 97 361 97 361 97 361 97 361 97 361 97 361 97 361 97 361 97 361 97 361 97 361 97 361 97 362 97 412 97 412 97 412 97 412 97 412 97 412 97 412 97 412 97 412 97 412 97 412 97 412 97 412 97 412 97 412 97 412 140 418 141 418 325 422 415 423 449 423 449 423 449 423 449 423 449 423 449 423 449 423 449 423 449 423 449 423 449 423 449 423 449 423 449 423 449 423 449 423 449 423 449 372 449 371 449 371 449 371 449 371 449 371 449 371 449 371 449 371 449 371 449 371 449 371 449 371 449 371 449 371 393 360 393 360 393 360 312 358"/>
			</Shape>
									<Glyph ID="char_103" 
			       CONTENT="m"
			       HPOS="98"
			       VPOS="362"
			       WIDTH="0"
			       HEIGHT="50"
			       GC="0.9887">
						<Shape>
				<Polygon POINTS="98 362 98 412 98 412 98 362"/>
			</Shape>
						</Glyph>
						<Glyph ID="char_104" 
			       CONTENT="e"
			       HPOS="141"
			       VPOS="367"
			       WIDTH="0"
			       HEIGHT="51"
			       GC="0.9998">
						<Shape>
				<Polygon POINTS="141 367 141 418 141 418 141 367"/>
			</Shape>
						</Glyph>
						<Glyph ID="char_105" 
			       CONTENT="c"
			       HPOS="162"
			       VPOS="360"
			       WIDTH="0"
			       HEIGHT="57"
			       GC="1.0">
						<Shape>
				<Polygon POINTS="162 360 162 417 162 417 162 360"/>
			</Shape>
						</Glyph>
						<Glyph ID="char_106" 
			       CONTENT="o"
			       HPOS="188"
			       VPOS="367"
			       WIDTH="0"
			       HEIGHT="46"
			       GC="1.0">
						<Shape>
				<Polygon POINTS="188 367 188 413 188 413 188 367"/>
			</Shape>
						</Glyph>
						<Glyph ID="char_107" 
			       CONTENT="g"
			       HPOS="218"
			       VPOS="365"
			       WIDTH="0"
			       HEIGHT="54"
			       GC="0.9999">
						<Shape>
				<Polygon POINTS="218 365 218 419 218 419 218 365"/>
			</Shape>
						</Glyph>
						<Glyph ID="char_108" 
			       CONTENT="n"
			       HPOS="244"
			       VPOS="363"
			       WIDTH="0"
			       HEIGHT="54"
			       GC="0.9899">
						<Shape>
				<Polygon POINTS="244 363 244 417 244 417 244 363"/>
			</Shape>
						</Glyph>
						<Glyph ID="char_109" 
			       CONTENT="o"
			       HPOS="269"
			       VPOS="361"
			       WIDTH="0"
			       HEIGHT="53"
			       GC="0.9972">
						<Shape>
				<Polygon POINTS="269 361 269 414 269 414 269 361"/>
			</Shape>
						</Glyph>
						<Glyph ID="char_110" 
			       CONTENT="i"
			       HPOS="299"
			       VPOS="360"
			       WIDTH="0"
			       HEIGHT="52"
			       GC="0.9611">
						<Shape>
				<Polygon POINTS="299 360 299 412 299 412 299 360"/>
			</Shape>
						</Glyph>
						<Glyph ID="char_111" 
			       CONTENT="ſ"
			       HPOS="312"
			       VPOS="359"
			       WIDTH="0"
			       HEIGHT="59"
			       GC="1.0">
						<Shape>
				<Polygon POINTS="312 359 312 418 312 418 312 359"/>
			</Shape>
						</Glyph>
						<Glyph ID="char_112" 
			       CONTENT="ſ"
			       HPOS="325"
			       VPOS="361"
			       WIDTH="0"
			       HEIGHT="61"
			       GC="1.0">
						<Shape>
				<Polygon POINTS="325 361 325 422 325 422 325 361"/>
			</Shape>
						</Glyph>
						<Glyph ID="char_113" 
			       CONTENT="a"
			       HPOS="342"
			       VPOS="363"
			       WIDTH="0"
			       HEIGHT="54"
			       GC="0.9906">
						<Shape>
				<Polygon POINTS="342 363 342 417 342 417 342 363"/>
			</Shape>
						</Glyph>
						<Glyph ID="char_114" 
			       CONTENT="n"
			       HPOS="363"
			       VPOS="367"
			       WIDTH="0"
			       HEIGHT="48"
			       GC="1.0">
						<Shape>
				<Polygon POINTS="363 367 363 415 363 415 363 367"/>
			</Shape>
						</Glyph>
						<Glyph ID="char_115" 
			       CONTENT="c"
			       HPOS="393"
			       VPOS="361"
			       WIDTH="0"
			       HEIGHT="61"
			       GC="1.0">
						<Shape>
				<Polygon POINTS="393 361 393 422 393 422 393 361"/>
			</Shape>
						</Glyph>
						<Glyph ID="char_116" 
			       CONTENT="e"
			       HPOS="415"
			       VPOS="368"
			       WIDTH="0"
			       HEIGHT="55"
			       GC="1.0">
						<Shape>
				<Polygon POINTS="415 368 415 423 415 423 415 368"/>
			</Shape>
						</Glyph>
						<Glyph ID="char_117" 
			       CONTENT=","
			       HPOS="449"
			       VPOS="372"
			       WIDTH="0"
			       HEIGHT="51"
			       GC="0.9998">
						<Shape>
				<Polygon POINTS="449 372 449 423 449 423 449 372"/>
			</Shape>
						</Glyph>
					</String>
									<SP ID="segment_30"
		    HPOS="466" 
		    VPOS="361"
		    WIDTH="4" 
		    HEIGHT="55"/>
									<String ID="segment_31"
			CONTENT="de" 
			HPOS="479" 
			VPOS="361"
			WIDTH="30" 
			HEIGHT="55" 
			WC="0.9978">
						<Shape>
				<Polygon POINTS="479 360 478 360 478 360 478 360 478 360 478 360 478 360 478 360 478 360 478 360 478 360 478 360 478 360 478 360 478 360 478 360 478 361 478 416 478 416 478 416 478 416 478 416 478 416 478 416 478 416 478 416 478 416 478 416 478 416 478 416 478 416 478 416 478 416 479 416 509 415 509 415 509 415 509 415 509 415 509 415 509 415 509 415 509 415 509 415 509 415 509 415 509 415 509 415 509 415 509 415 509 415 509 366 509 365 509 365 509 365 509 365 509 365 509 365 509 365 509 365 509 365 509 365 509 365 509 365 509 365 509 365 479 360 479 360 479 360"/>
			</Shape>
									<Glyph ID="char_119" 
			       CONTENT="d"
			       HPOS="479"
			       VPOS="361"
			       WIDTH="0"
			       HEIGHT="55"
			       GC="0.9955">
						<Shape>
				<Polygon POINTS="479 361 479 416 479 416 479 361"/>
			</Shape>
						</Glyph>
						<Glyph ID="char_120" 
			       CONTENT="e"
			       HPOS="509"
			       VPOS="366"
			       WIDTH="0"
			       HEIGHT="49"
			       GC="1.0">
						<Shape>
				<Polygon POINTS="509 366 509 415 509 415 509 366"/>
			</Shape>
						</Glyph>
					</String>
									<SP ID="segment_32"
		    HPOS="526" 
		    VPOS="369"
		    WIDTH="4" 
		    HEIGHT="46"/>
									<String ID="segment_33"
			CONTENT="n’auoir" 
			HPOS="539" 
			VPOS="364"
			WIDTH="133" 
			HEIGHT="59" 
			WC="0.9989">
						<Shape>
				<Polygon POINTS="654 363 653 363 538 370 538 370 538 370 538 370 538 370 538 370 538 370 538 370 538 370 538 370 538 370 538 370 538 370 538 370 538 370 538 371 538 416 538 416 538 416 538 416 538 416 538 416 538 416 538 416 538 416 538 416 538 416 538 416 538 416 538 416 538 416 538 416 598 421 628 423 629 423 654 422 654 422 672 421 672 421 672 421 672 421 672 421 672 421 672 421 672 421 672 421 672 421 672 421 672 421 672 421 672 421 672 421 672 421 672 371 672 370 672 370 672 370 672 370 672 370 672 370 672 370 672 370 672 370 672 370 672 370 672 370 654 363 654 363 654 363 654 363 654 363"/>
			</Shape>
									<Glyph ID="char_122" 
			       CONTENT="n"
			       HPOS="539"
			       VPOS="371"
			       WIDTH="0"
			       HEIGHT="45"
			       GC="0.9999">
						<Shape>
				<Polygon POINTS="539 371 539 416 539 416 539 371"/>
			</Shape>
						</Glyph>
						<Glyph ID="char_123" 
			       CONTENT="’"
			       HPOS="565"
			       VPOS="373"
			       WIDTH="0"
			       HEIGHT="45"
			       GC="1.0">
						<Shape>
				<Polygon POINTS="565 373 565 418 565 418 565 373"/>
			</Shape>
						</Glyph>
						<Glyph ID="char_124" 
			       CONTENT="a"
			       HPOS="577"
			       VPOS="373"
			       WIDTH="0"
			       HEIGHT="46"
			       GC="1.0">
						<Shape>
				<Polygon POINTS="577 373 577 419 577 419 577 373"/>
			</Shape>
						</Glyph>
						<Glyph ID="char_125" 
			       CONTENT="u"
			       HPOS="599"
			       VPOS="373"
			       WIDTH="0"
			       HEIGHT="48"
			       GC="0.9951">
						<Shape>
				<Polygon POINTS="599 373 599 421 599 421 599 373"/>
			</Shape>
						</Glyph>
						<Glyph ID="char_126" 
			       CONTENT="o"
			       HPOS="629"
			       VPOS="371"
			       WIDTH="0"
			       HEIGHT="52"
			       GC="0.9978">
						<Shape>
				<Polygon POINTS="629 371 629 423 629 423 629 371"/>
			</Shape>
						</Glyph>
						<Glyph ID="char_127" 
			       CONTENT="i"
			       HPOS="654"
			       VPOS="364"
			       WIDTH="0"
			       HEIGHT="58"
			       GC="0.9995">
						<Shape>
				<Polygon POINTS="654 364 654 422 654 422 654 364"/>
			</Shape>
						</Glyph>
						<Glyph ID="char_128" 
			       CONTENT="r"
			       HPOS="672"
			       VPOS="371"
			       WIDTH="0"
			       HEIGHT="50"
			       GC="0.9999">
						<Shape>
				<Polygon POINTS="672 371 672 421 672 421 672 371"/>
			</Shape>
						</Glyph>
					</String>
									<SP ID="segment_34"
		    HPOS="693" 
		    VPOS="371"
		    WIDTH="9" 
		    HEIGHT="49"/>
									<String ID="segment_35"
			CONTENT="par" 
			HPOS="706" 
			VPOS="370"
			WIDTH="51" 
			HEIGHT="49" 
			WC="0.9998">
						<Shape>
				<Polygon POINTS="757 369 706 370 705 370 705 370 705 370 705 370 705 370 705 370 705 370 705 370 705 370 705 370 705 370 705 370 705 370 705 370 705 370 705 371 705 419 705 419 705 419 705 419 705 419 705 419 705 419 705 419 705 419 705 419 705 419 705 419 705 419 705 419 705 419 705 419 706 419 736 418 757 417 757 417 757 417 757 417 757 417 757 417 757 417 757 417 757 417 757 417 757 417 757 417 757 417 757 417 757 417 757 417 757 417 757 370 757 369 757 369 757 369 757 369 757 369 757 369 757 369 757 369 757 369 757 369 757 369 757 369 757 369 757 369 757 369 757 369"/>
			</Shape>
									<Glyph ID="char_130" 
			       CONTENT="p"
			       HPOS="706"
			       VPOS="371"
			       WIDTH="0"
			       HEIGHT="48"
			       GC="1.0">
						<Shape>
				<Polygon POINTS="706 371 706 419 706 419 706 371"/>
			</Shape>
						</Glyph>
						<Glyph ID="char_131" 
			       CONTENT="a"
			       HPOS="736"
			       VPOS="371"
			       WIDTH="0"
			       HEIGHT="47"
			       GC="0.9999">
						<Shape>
				<Polygon POINTS="736 371 736 418 736 418 736 371"/>
			</Shape>
						</Glyph>
						<Glyph ID="char_132" 
			       CONTENT="r"
			       HPOS="757"
			       VPOS="370"
			       WIDTH="0"
			       HEIGHT="47"
			       GC="0.9994">
						<Shape>
				<Polygon POINTS="757 370 757 417 757 417 757 370"/>
			</Shape>
						</Glyph>
					</String>
				</TextLine>
										<TextLine ID="line_6"
	  HPOS="80"
	  VPOS="413" 
	  WIDTH="690" 
	  HEIGHT="72"	  BASELINE="81 456 770 463"
	                                          TAGREFS="TYPE_1"                                                                                                                                  >
			<Shape>
			<Polygon POINTS="81 456 80 475 131 476 133 476 134 476 137 475 157 467 184 475 194 477 196 477 197 477 216 475 250 469 269 475 283 479 284 479 286 479 319 475 355 469 362 475 369 479 370 479 372 479 373 479 375 479 386 475 395 470 408 473 432 480 433 480 435 480 436 480 438 480 446 473 451 470 453 473 462 480 463 480 465 480 466 480 468 480 483 473 491 470 494 473 499 479 499 480 501 480 502 480 572 482 574 482 615 473 622 472 624 473 632 480 634 480 635 480 637 480 680 473 691 482 691 483 693 483 694 483 695 485 724 485 724 483 768 472 770 463 770 427 724 417 723 417 664 424 651 426 647 424 627 416 625 416 624 416 622 416 621 416 608 423 605 426 529 426 519 422 494 414 492 414 491 414 390 420 343 422 330 419 315 414 313 414 312 414 310 414 300 417 290 422 280 417 273 414 272 414 270 414 254 417 230 422 223 416 220 413 219 413 217 413 216 413 214 413 206 416 197 420 191 416 189 413 187 413 186 413 184 413 183 413 173 416 154 420 81 414 81 456"/>
		</Shape>
	        							<String ID="segment_36"
			CONTENT="nos" 
			HPOS="95" 
			VPOS="415"
			WIDTH="61" 
			HEIGHT="61" 
			WC="0.9941">
						<Shape>
				<Polygon POINTS="95 414 94 414 94 414 94 414 94 414 94 414 94 414 94 414 94 414 94 414 94 414 94 414 94 414 94 414 94 414 94 414 94 415 94 475 94 475 94 475 94 475 94 475 94 475 94 475 94 475 94 475 94 475 94 475 94 475 94 475 94 475 94 475 94 475 95 475 128 476 128 476 128 476 128 476 156 467 156 467 156 467 156 467 156 467 156 467 156 467 156 467 156 467 156 467 156 467 156 467 156 467 156 467 156 420 156 419 156 419 156 419 156 419 156 419 156 419 156 419 156 419 156 419 156 419 156 419 156 419 156 419 156 419 156 419 95 414 95 414"/>
			</Shape>
									<Glyph ID="char_133" 
			       CONTENT="n"
			       HPOS="95"
			       VPOS="415"
			       WIDTH="0"
			       HEIGHT="60"
			       GC="0.9822">
						<Shape>
				<Polygon POINTS="95 415 95 475 95 475 95 415"/>
			</Shape>
						</Glyph>
						<Glyph ID="char_134" 
			       CONTENT="o"
			       HPOS="128"
			       VPOS="418"
			       WIDTH="0"
			       HEIGHT="58"
			       GC="1.0">
						<Shape>
				<Polygon POINTS="128 418 128 476 128 476 128 418"/>
			</Shape>
						</Glyph>
						<Glyph ID="char_135" 
			       CONTENT="s"
			       HPOS="156"
			       VPOS="420"
			       WIDTH="0"
			       HEIGHT="47"
			       GC="1.0">
						<Shape>
				<Polygon POINTS="156 420 156 467 156 467 156 420"/>
			</Shape>
						</Glyph>
					</String>
									<SP ID="segment_37"
		    HPOS="175" 
		    VPOS="413"
		    WIDTH="9" 
		    HEIGHT="62"/>
									<String ID="segment_38"
			CONTENT="plumes" 
			HPOS="189" 
			VPOS="413"
			WIDTH="136" 
			HEIGHT="64" 
			WC="0.9984">
						<Shape>
				<Polygon POINTS="217 412 189 413 188 413 188 413 188 413 188 413 188 413 188 413 188 413 188 413 188 413 188 413 188 413 188 413 188 413 188 413 188 413 188 414 188 476 188 476 188 476 188 476 188 476 188 476 188 476 188 476 188 476 188 476 188 476 188 476 188 476 188 476 188 476 188 476 189 476 302 477 302 477 325 474 325 474 325 474 325 474 325 474 325 474 325 474 325 474 325 474 325 474 325 474 325 474 325 474 325 474 325 474 325 474 325 417 325 416 325 416 325 416 325 416 325 416 325 416 325 416 325 416 325 416 325 416 325 416 325 416 325 416 325 416 325 416 325 416 302 415 217 412"/>
			</Shape>
									<Glyph ID="char_137" 
			       CONTENT="p"
			       HPOS="189"
			       VPOS="414"
			       WIDTH="0"
			       HEIGHT="62"
			       GC="0.9999">
						<Shape>
				<Polygon POINTS="189 414 189 476 189 476 189 414"/>
			</Shape>
						</Glyph>
						<Glyph ID="char_138" 
			       CONTENT="l"
			       HPOS="217"
			       VPOS="413"
			       WIDTH="0"
			       HEIGHT="62"
			       GC="0.9906">
						<Shape>
				<Polygon POINTS="217 413 217 475 217 475 217 413"/>
			</Shape>
						</Glyph>
						<Glyph ID="char_139" 
			       CONTENT="u"
			       HPOS="231"
			       VPOS="422"
			       WIDTH="0"
			       HEIGHT="50"
			       GC="1.0">
						<Shape>
				<Polygon POINTS="231 422 231 472 231 472 231 422"/>
			</Shape>
						</Glyph>
						<Glyph ID="char_140" 
			       CONTENT="m"
			       HPOS="259"
			       VPOS="416"
			       WIDTH="0"
			       HEIGHT="56"
			       GC="1.0">
						<Shape>
				<Polygon POINTS="259 416 259 472 259 472 259 416"/>
			</Shape>
						</Glyph>
						<Glyph ID="char_141" 
			       CONTENT="e"
			       HPOS="302"
			       VPOS="416"
			       WIDTH="0"
			       HEIGHT="61"
			       GC="1.0">
						<Shape>
				<Polygon POINTS="302 416 302 477 302 477 302 416"/>
			</Shape>
						</Glyph>
						<Glyph ID="char_142" 
			       CONTENT="s"
			       HPOS="325"
			       VPOS="417"
			       WIDTH="0"
			       HEIGHT="57"
			       GC="0.9998">
						<Shape>
				<Polygon POINTS="325 417 325 474 325 474 325 417"/>
			</Shape>
						</Glyph>
					</String>
									<SP ID="segment_39"
		    HPOS="349" 
		    VPOS="422"
		    WIDTH="4" 
		    HEIGHT="48"/>
									<String ID="segment_40"
			CONTENT="teſtifié" 
			HPOS="363" 
			VPOS="414"
			WIDTH="126" 
			HEIGHT="66" 
			WC="0.9982">
						<Shape>
				<Polygon POINTS="485 414 433 416 432 416 362 420 362 420 362 420 362 420 362 420 362 420 362 420 362 420 362 420 362 420 362 420 362 420 362 420 362 420 362 420 362 421 362 475 362 475 362 475 362 475 362 475 362 475 362 475 362 475 362 475 362 475 362 475 362 475 362 475 362 475 362 475 362 475 380 477 432 480 433 480 461 479 461 479 461 479 475 477 489 471 489 414 485 414"/>
			</Shape>
									<Glyph ID="char_144" 
			       CONTENT="t"
			       HPOS="363"
			       VPOS="421"
			       WIDTH="0"
			       HEIGHT="54"
			       GC="1.0">
						<Shape>
				<Polygon POINTS="363 421 363 475 363 475 363 421"/>
			</Shape>
						</Glyph>
						<Glyph ID="char_145" 
			       CONTENT="e"
			       HPOS="381"
			       VPOS="420"
			       WIDTH="0"
			       HEIGHT="57"
			       GC="0.9981">
						<Shape>
				<Polygon POINTS="381 420 381 477 381 477 381 420"/>
			</Shape>
						</Glyph>
						<Glyph ID="char_146" 
			       CONTENT="ſ"
			       HPOS="405"
			       VPOS="419"
			       WIDTH="0"
			       HEIGHT="53"
			       GC="0.9999">
						<Shape>
				<Polygon POINTS="405 419 405 472 405 472 405 419"/>
			</Shape>
						</Glyph>
						<Glyph ID="char_147" 
			       CONTENT="t"
			       HPOS="419"
			       VPOS="418"
			       WIDTH="0"
			       HEIGHT="58"
			       GC="0.9885">
						<Shape>
				<Polygon POINTS="419 418 419 476 419 476 419 418"/>
			</Shape>
						</Glyph>
						<Glyph ID="char_148" 
			       CONTENT="i"
			       HPOS="433"
			       VPOS="417"
			       WIDTH="0"
			       HEIGHT="63"
			       GC="1.0">
						<Shape>
				<Polygon POINTS="433 417 433 480 433 480 433 417"/>
			</Shape>
						</Glyph>
						<Glyph ID="char_149" 
			       CONTENT="f"
			       HPOS="447"
			       VPOS="417"
			       WIDTH="0"
			       HEIGHT="55"
			       GC="1.0">
						<Shape>
				<Polygon POINTS="447 417 447 472 447 472 447 417"/>
			</Shape>
						</Glyph>
						<Glyph ID="char_150" 
			       CONTENT="i"
			       HPOS="461"
			       VPOS="416"
			       WIDTH="0"
			       HEIGHT="63"
			       GC="0.9974">
						<Shape>
				<Polygon POINTS="461 416 461 479 461 479 461 416"/>
			</Shape>
						</Glyph>
						<Glyph ID="char_151" 
			       CONTENT="e"
			       HPOS="475"
			       VPOS="415"
			       WIDTH="5"
			       HEIGHT="62"
			       GC="1.0">
						<Shape>
				<Polygon POINTS="475 415 475 477 480 474 480 415"/>
			</Shape>
						</Glyph>
						<Glyph ID="char_152" 
			       CONTENT="́"
			       HPOS="485"
			       VPOS="414"
			       WIDTH="4"
			       HEIGHT="58"
			       GC="1.0">
						<Shape>
				<Polygon POINTS="485 414 485 472 489 471 489 414"/>
			</Shape>
						</Glyph>
					</String>
									<SP ID="segment_41"
		    HPOS="503" 
		    VPOS="417"
		    WIDTH="5" 
		    HEIGHT="63"/>
									<String ID="segment_42"
			CONTENT="la" 
			HPOS="513" 
			VPOS="420"
			WIDTH="19" 
			HEIGHT="61" 
			WC="1.0">
						<Shape>
				<Polygon POINTS="513 419 512 419 512 419 512 419 512 419 512 419 512 419 512 419 512 419 512 419 512 419 512 419 512 419 512 419 512 419 512 419 512 420 512 480 512 480 512 480 512 480 512 480 512 480 512 480 512 480 512 480 512 480 512 480 512 480 512 480 512 480 512 480 512 480 531 481 532 481 532 481 532 481 532 481 532 481 532 481 532 481 532 481 532 481 532 481 532 481 532 481 532 481 532 481 532 481 532 481 532 481 532 426 532 425 532 425 532 425 532 425 532 425 532 425 532 425 532 425 532 425 532 425 532 425 532 425 532 425 513 419 513 419 513 419 513 419"/>
			</Shape>
									<Glyph ID="char_154" 
			       CONTENT="l"
			       HPOS="513"
			       VPOS="420"
			       WIDTH="0"
			       HEIGHT="60"
			       GC="1.0">
						<Shape>
				<Polygon POINTS="513 420 513 480 513 480 513 420"/>
			</Shape>
						</Glyph>
						<Glyph ID="char_155" 
			       CONTENT="a"
			       HPOS="532"
			       VPOS="426"
			       WIDTH="0"
			       HEIGHT="55"
			       GC="1.0">
						<Shape>
				<Polygon POINTS="532 426 532 481 532 481 532 426"/>
			</Shape>
						</Glyph>
					</String>
									<SP ID="segment_43"
		    HPOS="550" 
		    VPOS="426"
		    WIDTH="0" 
		    HEIGHT="55"/>
									<String ID="segment_44"
			CONTENT="grace" 
			HPOS="560" 
			VPOS="419"
			WIDTH="98" 
			HEIGHT="63" 
			WC="0.9989">
						<Shape>
				<Polygon POINTS="635 418 634 418 610 420 559 425 559 425 559 425 559 425 559 425 559 425 559 425 559 425 559 425 559 425 559 425 559 425 559 425 559 425 559 425 559 426 559 482 559 482 559 482 559 482 559 482 559 482 559 482 559 482 559 482 559 482 559 482 559 482 559 482 559 482 559 482 559 482 560 482 635 480 635 480 658 477 658 477 658 477 658 477 658 477 658 477 658 477 658 477 658 477 658 477 658 477 658 477 658 477 658 477 658 477 658 477 658 425 658 424 658 424 658 424 658 424 658 424 658 424 658 424 658 424 658 424 658 424 658 424 658 424 658 424 635 418 635 418 635 418 635 418"/>
			</Shape>
									<Glyph ID="char_157" 
			       CONTENT="g"
			       HPOS="560"
			       VPOS="426"
			       WIDTH="0"
			       HEIGHT="56"
			       GC="1.0">
						<Shape>
				<Polygon POINTS="560 426 560 482 560 482 560 426"/>
			</Shape>
						</Glyph>
						<Glyph ID="char_158" 
			       CONTENT="r"
			       HPOS="588"
			       VPOS="426"
			       WIDTH="0"
			       HEIGHT="53"
			       GC="0.9997">
						<Shape>
				<Polygon POINTS="588 426 588 479 588 479 588 426"/>
			</Shape>
						</Glyph>
						<Glyph ID="char_159" 
			       CONTENT="a"
			       HPOS="611"
			       VPOS="421"
			       WIDTH="0"
			       HEIGHT="53"
			       GC="0.9995">
						<Shape>
				<Polygon POINTS="611 421 611 474 611 474 611 421"/>
			</Shape>
						</Glyph>
						<Glyph ID="char_160" 
			       CONTENT="c"
			       HPOS="635"
			       VPOS="419"
			       WIDTH="0"
			       HEIGHT="61"
			       GC="0.9957">
						<Shape>
				<Polygon POINTS="635 419 635 480 635 480 635 419"/>
			</Shape>
						</Glyph>
						<Glyph ID="char_161" 
			       CONTENT="e"
			       HPOS="658"
			       VPOS="425"
			       WIDTH="0"
			       HEIGHT="52"
			       GC="0.9997">
						<Shape>
				<Polygon POINTS="658 425 658 477 658 477 658 425"/>
			</Shape>
						</Glyph>
					</String>
									<SP ID="segment_45"
		    HPOS="686" 
		    VPOS="421"
		    WIDTH="5" 
		    HEIGHT="61"/>
									<String ID="segment_46"
			CONTENT="que" 
			HPOS="701" 
			VPOS="418"
			WIDTH="51" 
			HEIGHT="67" 
			WC="0.9998">
						<Shape>
				<Polygon POINTS="729 417 728 417 700 419 700 419 700 419 700 419 700 419 700 419 700 419 700 419 700 419 700 419 700 419 700 419 700 419 700 419 700 419 700 420 700 485 700 485 700 485 700 485 700 485 700 485 700 485 700 485 700 485 700 485 700 485 700 485 700 485 700 485 700 485 700 485 701 485 701 485 729 482 729 482 729 482 752 476 752 476 752 476 752 476 752 476 752 476 752 476 752 476 752 476 752 476 752 476 752 476 752 476 752 476 752 423 752 422 752 422 752 422 752 422 752 422 752 422 752 422 752 422 752 422 752 422 752 422 752 422 752 422 752 422 729 417 729 417 729 417"/>
			</Shape>
									<Glyph ID="char_163" 
			       CONTENT="q"
			       HPOS="701"
			       VPOS="420"
			       WIDTH="0"
			       HEIGHT="65"
			       GC="0.9998">
						<Shape>
				<Polygon POINTS="701 420 701 485 701 485 701 420"/>
			</Shape>
						</Glyph>
						<Glyph ID="char_164" 
			       CONTENT="u"
			       HPOS="729"
			       VPOS="418"
			       WIDTH="0"
			       HEIGHT="64"
			       GC="0.9999">
						<Shape>
				<Polygon POINTS="729 418 729 482 729 482 729 418"/>
			</Shape>
						</Glyph>
						<Glyph ID="char_165" 
			       CONTENT="e"
			       HPOS="752"
			       VPOS="423"
			       WIDTH="0"
			       HEIGHT="53"
			       GC="0.9996">
						<Shape>
				<Polygon POINTS="752 423 752 476 752 476 752 423"/>
			</Shape>
						</Glyph>
					</String>
				</TextLine>
										<TextLine ID="line_7"
	  HPOS="78"
	  VPOS="467" 
	  WIDTH="692" 
	  HEIGHT="63"	  BASELINE="80 512 770 519"
	                                          TAGREFS="TYPE_1"                                                                                                                                  >
			<Shape>
			<Polygon POINTS="80 512 78 530 768 530 770 519 768 485 747 485 747 483 737 475 737 473 735 473 734 473 733 473 731 473 694 483 690 483 684 483 631 472 630 472 628 472 627 472 627 473 618 482 617 483 545 483 541 480 525 473 524 473 522 473 521 473 519 473 519 475 514 480 511 482 479 482 478 479 469 472 469 470 468 470 466 470 433 470 432 470 430 470 429 470 429 472 422 479 419 480 405 477 355 469 353 469 352 469 332 476 325 479 317 476 297 470 296 470 294 470 293 470 292 470 286 476 282 479 263 476 226 469 224 469 223 469 221 469 214 475 209 477 180 475 121 467 120 467 80 472 80 512"/>
		</Shape>
	        							<String ID="segment_47"
			CONTENT="Dieu" 
			HPOS="80" 
			VPOS="470"
			WIDTH="100" 
			HEIGHT="60" 
			WC="0.9994">
						<Shape>
				<Polygon POINTS="145 469 144 469 144 469 144 469 144 469 144 469 144 469 79 511 79 511 79 511 79 511 79 511 79 511 79 511 79 511 79 511 79 511 79 512 79 512 79 512 79 512 79 512 79 512 79 512 79 512 79 512 79 512 79 512 79 512 79 512 79 512 144 530 144 530 144 530 145 530 180 530 180 530 180 530 180 530 180 530 180 530 180 530 180 530 180 530 180 530 180 530 180 530 180 530 180 530 180 530 180 530 180 530 180 475 180 474 180 474 180 474 180 474 180 474 180 474 180 474 180 474 180 474 180 474 180 474 180 474 180 474 180 474 180 474 145 469 145 469"/>
			</Shape>
									<Glyph ID="char_166" 
			       CONTENT="D"
			       HPOS="80"
			       VPOS="512"
			       WIDTH="0"
			       HEIGHT="0"
			       GC="0.9983">
						<Shape>
				<Polygon POINTS="80 512 80 512 80 512 80 512"/>
			</Shape>
						</Glyph>
						<Glyph ID="char_167" 
			       CONTENT="i"
			       HPOS="145"
			       VPOS="470"
			       WIDTH="0"
			       HEIGHT="60"
			       GC="0.9993">
						<Shape>
				<Polygon POINTS="145 470 145 530 145 530 145 470"/>
			</Shape>
						</Glyph>
						<Glyph ID="char_168" 
			       CONTENT="e"
			       HPOS="158"
			       VPOS="472"
			       WIDTH="0"
			       HEIGHT="58"
			       GC="1.0">
						<Shape>
				<Polygon POINTS="158 472 158 530 158 530 158 472"/>
			</Shape>
						</Glyph>
						<Glyph ID="char_169" 
			       CONTENT="u"
			       HPOS="180"
			       VPOS="475"
			       WIDTH="0"
			       HEIGHT="55"
			       GC="1.0">
						<Shape>
				<Polygon POINTS="180 475 180 530 180 530 180 475"/>
			</Shape>
						</Glyph>
					</String>
									<SP ID="segment_48"
		    HPOS="215" 
		    VPOS="470"
		    WIDTH="4" 
		    HEIGHT="60"/>
									<String ID="segment_49"
			CONTENT="nous" 
			HPOS="228" 
			VPOS="469"
			WIDTH="87" 
			HEIGHT="61" 
			WC="0.9996">
						<Shape>
				<Polygon POINTS="228 468 227 468 227 468 227 468 227 468 227 468 227 468 227 468 227 468 227 468 227 468 227 468 227 468 227 468 227 468 227 468 227 469 227 530 227 530 227 530 227 530 227 530 227 530 227 530 227 530 227 530 227 530 227 530 227 530 227 530 227 530 227 530 227 530 228 530 285 530 315 530 315 476 311 474 228 468 228 468"/>
			</Shape>
									<Glyph ID="char_171" 
			       CONTENT="n"
			       HPOS="228"
			       VPOS="469"
			       WIDTH="0"
			       HEIGHT="61"
			       GC="0.9984">
						<Shape>
				<Polygon POINTS="228 469 228 530 228 530 228 469"/>
			</Shape>
						</Glyph>
						<Glyph ID="char_172" 
			       CONTENT="o"
			       HPOS="258"
			       VPOS="475"
			       WIDTH="0"
			       HEIGHT="55"
			       GC="1.0">
						<Shape>
				<Polygon POINTS="258 475 258 530 258 530 258 475"/>
			</Shape>
						</Glyph>
						<Glyph ID="char_173" 
			       CONTENT="u"
			       HPOS="285"
			       VPOS="476"
			       WIDTH="0"
			       HEIGHT="54"
			       GC="0.9999">
						<Shape>
				<Polygon POINTS="285 476 285 530 285 530 285 476"/>
			</Shape>
						</Glyph>
						<Glyph ID="char_174" 
			       CONTENT="s"
			       HPOS="311"
			       VPOS="474"
			       WIDTH="4"
			       HEIGHT="56"
			       GC="1.0">
						<Shape>
				<Polygon POINTS="311 474 311 530 315 530 315 476"/>
			</Shape>
						</Glyph>
					</String>
									<SP ID="segment_50"
		    HPOS="337" 
		    VPOS="473"
		    WIDTH="4" 
		    HEIGHT="57"/>
									<String ID="segment_51"
			CONTENT="fait" 
			HPOS="350" 
			VPOS="470"
			WIDTH="56" 
			HEIGHT="60" 
			WC="0.9963">
						<Shape>
				<Polygon POINTS="350 469 349 469 349 469 349 469 349 469 349 469 349 469 349 469 349 469 349 469 349 469 349 469 349 469 349 469 349 469 349 469 349 470 349 530 349 530 349 530 349 530 349 530 349 530 349 530 349 530 349 530 349 530 349 530 349 530 349 530 349 530 349 530 349 530 350 530 406 530 406 530 406 530 406 530 406 530 406 530 406 530 406 530 406 530 406 530 406 530 406 530 406 530 406 530 406 530 406 530 406 530 406 477 406 476 406 476 406 476 406 476 406 476 406 476 406 476 406 476 406 476 406 476 406 476 406 476 406 476 406 476 406 476 367 471 350 469 350 469"/>
			</Shape>
									<Glyph ID="char_176" 
			       CONTENT="f"
			       HPOS="350"
			       VPOS="470"
			       WIDTH="0"
			       HEIGHT="60"
			       GC="0.9856">
						<Shape>
				<Polygon POINTS="350 470 350 530 350 530 350 470"/>
			</Shape>
						</Glyph>
						<Glyph ID="char_177" 
			       CONTENT="a"
			       HPOS="367"
			       VPOS="471"
			       WIDTH="5"
			       HEIGHT="59"
			       GC="1.0">
						<Shape>
				<Polygon POINTS="367 471 367 530 372 530 372 472"/>
			</Shape>
						</Glyph>
						<Glyph ID="char_178" 
			       CONTENT="i"
			       HPOS="389"
			       VPOS="475"
			       WIDTH="0"
			       HEIGHT="55"
			       GC="1.0">
						<Shape>
				<Polygon POINTS="389 475 389 530 389 530 389 475"/>
			</Shape>
						</Glyph>
						<Glyph ID="char_179" 
			       CONTENT="t"
			       HPOS="406"
			       VPOS="477"
			       WIDTH="0"
			       HEIGHT="53"
			       GC="0.9997">
						<Shape>
				<Polygon POINTS="406 477 406 530 406 530 406 477"/>
			</Shape>
						</Glyph>
					</String>
									<SP ID="segment_52"
		    HPOS="428" 
		    VPOS="470"
		    WIDTH="5" 
		    HEIGHT="60"/>
									<String ID="segment_53"
			CONTENT="de" 
			HPOS="441" 
			VPOS="470"
			WIDTH="26" 
			HEIGHT="60" 
			WC="1.0">
						<Shape>
				<Polygon POINTS="441 469 440 469 440 469 440 469 440 469 440 469 440 469 440 469 440 469 440 469 440 469 440 469 440 469 440 469 440 469 440 469 440 470 440 530 440 530 440 530 440 530 440 530 440 530 440 530 440 530 440 530 440 530 440 530 440 530 440 530 440 530 440 530 440 530 441 530 467 530 467 530 467 530 467 530 467 530 467 530 467 530 467 530 467 530 467 530 467 530 467 530 467 530 467 530 467 530 467 530 467 530 467 470 467 469 467 469 467 469 467 469 467 469 467 469 467 469 467 469 467 469 467 469 467 469 467 469 467 469 467 469 467 469 467 469 441 469"/>
			</Shape>
									<Glyph ID="char_181" 
			       CONTENT="d"
			       HPOS="441"
			       VPOS="470"
			       WIDTH="0"
			       HEIGHT="60"
			       GC="1.0">
						<Shape>
				<Polygon POINTS="441 470 441 530 441 530 441 470"/>
			</Shape>
						</Glyph>
						<Glyph ID="char_182" 
			       CONTENT="e"
			       HPOS="467"
			       VPOS="470"
			       WIDTH="0"
			       HEIGHT="60"
			       GC="1.0">
						<Shape>
				<Polygon POINTS="467 470 467 530 467 530 467 470"/>
			</Shape>
						</Glyph>
					</String>
									<SP ID="segment_54"
		    HPOS="498" 
		    VPOS="482"
		    WIDTH="4" 
		    HEIGHT="48"/>
									<String ID="segment_55"
			CONTENT="viure" 
			HPOS="511" 
			VPOS="478"
			WIDTH="87" 
			HEIGHT="52" 
			WC="1.0">
						<Shape>
				<Polygon POINTS="537 477 536 477 536 477 510 481 510 481 510 481 510 481 510 481 510 481 510 481 510 481 510 481 510 481 510 481 510 481 510 481 510 481 510 482 510 530 510 530 510 530 510 530 510 530 510 530 510 530 510 530 510 530 510 530 510 530 510 530 510 530 510 530 510 530 510 530 511 530 576 530 598 530 598 483 537 477 537 477"/>
			</Shape>
									<Glyph ID="char_184" 
			       CONTENT="v"
			       HPOS="511"
			       VPOS="482"
			       WIDTH="0"
			       HEIGHT="48"
			       GC="1.0">
						<Shape>
				<Polygon POINTS="511 482 511 530 511 530 511 482"/>
			</Shape>
						</Glyph>
						<Glyph ID="char_185" 
			       CONTENT="i"
			       HPOS="537"
			       VPOS="478"
			       WIDTH="0"
			       HEIGHT="52"
			       GC="1.0">
						<Shape>
				<Polygon POINTS="537 478 537 530 537 530 537 478"/>
			</Shape>
						</Glyph>
						<Glyph ID="char_186" 
			       CONTENT="u"
			       HPOS="550"
			       VPOS="483"
			       WIDTH="0"
			       HEIGHT="47"
			       GC="1.0">
						<Shape>
				<Polygon POINTS="550 483 550 530 550 530 550 483"/>
			</Shape>
						</Glyph>
						<Glyph ID="char_187" 
			       CONTENT="r"
			       HPOS="576"
			       VPOS="483"
			       WIDTH="0"
			       HEIGHT="47"
			       GC="1.0">
						<Shape>
				<Polygon POINTS="576 483 576 530 576 530 576 483"/>
			</Shape>
						</Glyph>
						<Glyph ID="char_188" 
			       CONTENT="e"
			       HPOS="594"
			       VPOS="483"
			       WIDTH="4"
			       HEIGHT="47"
			       GC="1.0">
						<Shape>
				<Polygon POINTS="594 483 594 530 598 530 598 483"/>
			</Shape>
						</Glyph>
					</String>
									<SP ID="segment_56"
		    HPOS="624" 
		    VPOS="472"
		    WIDTH="4" 
		    HEIGHT="58"/>
									<String ID="segment_57"
			CONTENT="ſous" 
			HPOS="637" 
			VPOS="473"
			WIDTH="70" 
			HEIGHT="57" 
			WC="0.9963">
						<Shape>
				<Polygon POINTS="637 472 636 472 636 472 636 472 636 472 636 472 636 472 636 472 636 472 636 472 636 472 636 472 636 472 636 472 636 472 636 472 636 473 636 530 636 530 636 530 636 530 636 530 636 530 636 530 636 530 636 530 636 530 636 530 636 530 636 530 636 530 636 530 636 530 637 530 707 530 707 530 707 530 707 530 707 530 707 530 707 530 707 530 707 530 707 530 707 530 707 530 707 530 707 530 707 530 707 530 707 530 707 479 707 478 707 478 707 478 707 478 707 478 707 478 707 478 707 478 707 478 707 478 707 478 707 478 707 478 707 478 707 478 637 472 637 472"/>
			</Shape>
									<Glyph ID="char_190" 
			       CONTENT="ſ"
			       HPOS="637"
			       VPOS="473"
			       WIDTH="0"
			       HEIGHT="57"
			       GC="0.987">
						<Shape>
				<Polygon POINTS="637 473 637 530 637 530 637 473"/>
			</Shape>
						</Glyph>
						<Glyph ID="char_191" 
			       CONTENT="o"
			       HPOS="650"
			       VPOS="476"
			       WIDTH="0"
			       HEIGHT="54"
			       GC="0.9988">
						<Shape>
				<Polygon POINTS="650 476 650 530 650 530 650 476"/>
			</Shape>
						</Glyph>
						<Glyph ID="char_192" 
			       CONTENT="u"
			       HPOS="681"
			       VPOS="482"
			       WIDTH="0"
			       HEIGHT="48"
			       GC="0.9999">
						<Shape>
				<Polygon POINTS="681 482 681 530 681 530 681 482"/>
			</Shape>
						</Glyph>
						<Glyph ID="char_193" 
			       CONTENT="s"
			       HPOS="707"
			       VPOS="479"
			       WIDTH="0"
			       HEIGHT="51"
			       GC="0.9995">
						<Shape>
				<Polygon POINTS="707 479 707 530 707 530 707 479"/>
			</Shape>
						</Glyph>
					</String>
									<SP ID="segment_58"
		    HPOS="728" 
		    VPOS="473"
		    WIDTH="5" 
		    HEIGHT="57"/>
									<String ID="segment_59"
			CONTENT="la" 
			HPOS="737" 
			VPOS="475"
			WIDTH="18" 
			HEIGHT="55" 
			WC="0.9995">
						<Shape>
				<Polygon POINTS="737 474 736 474 736 474 736 474 736 474 736 474 736 474 736 474 736 474 736 474 736 474 736 474 736 474 736 474 736 474 736 474 736 475 736 530 736 530 736 530 736 530 736 530 736 530 736 530 736 530 736 530 736 530 736 530 736 530 736 530 736 530 736 530 736 530 737 530 755 530 755 530 755 530 755 530 755 530 755 530 755 530 755 530 755 530 755 530 755 530 755 530 755 530 755 530 755 530 755 530 755 530 755 485 755 484 755 484 755 484 755 484 755 484 755 484 755 484 755 484 755 484 755 484 755 484 737 474 737 474 737 474 737 474 737 474 737 474"/>
			</Shape>
									<Glyph ID="char_195" 
			       CONTENT="l"
			       HPOS="737"
			       VPOS="475"
			       WIDTH="0"
			       HEIGHT="55"
			       GC="0.9992">
						<Shape>
				<Polygon POINTS="737 475 737 530 737 530 737 475"/>
			</Shape>
						</Glyph>
						<Glyph ID="char_196" 
			       CONTENT="a"
			       HPOS="755"
			       VPOS="485"
			       WIDTH="0"
			       HEIGHT="45"
			       GC="0.9998">
						<Shape>
				<Polygon POINTS="755 485 755 530 755 530 755 485"/>
			</Shape>
						</Glyph>
					</String>
				</TextLine>
										<TextLine ID="line_8"
	  HPOS="81"
	  VPOS="522" 
	  WIDTH="687" 
	  HEIGHT="67"	  BASELINE="83 569 768 576"
	                                          TAGREFS="TYPE_1"                                                                                                                                  >
			<Shape>
			<Polygon POINTS="83 569 81 580 766 589 768 576 766 526 648 537 628 525 627 525 625 525 624 525 620 525 526 536 496 523 495 523 494 523 492 523 491 523 489 523 455 535 399 523 396 523 356 523 355 523 353 523 352 523 337 533 325 525 323 525 322 525 320 525 319 525 302 532 292 523 292 522 290 522 289 522 256 522 254 522 253 522 252 522 219 533 83 522 83 569"/>
		</Shape>
	        							<String ID="segment_60"
			CONTENT="douce" 
			HPOS="83" 
			VPOS="526"
			WIDTH="124" 
			HEIGHT="56" 
			WC="0.9922">
						<Shape>
				<Polygon POINTS="130 525 129 525 129 525 129 525 129 525 129 525 129 525 129 525 129 525 82 568 82 568 82 568 82 568 82 568 82 568 82 568 82 568 82 569 82 569 82 569 82 569 82 569 82 569 82 569 82 569 82 569 82 569 82 569 82 569 82 569 82 569 129 581 129 581 129 581 130 581 207 582 207 582 207 582 207 582 207 582 207 582 207 582 207 582 207 582 207 582 207 582 207 582 207 582 207 582 207 582 207 582 207 582 207 532 207 531 207 531 207 531 207 531 207 531 207 531 207 531 207 531 207 531 207 531 207 531 207 531 207 531 207 531 207 531 186 529 130 525 130 525"/>
			</Shape>
									<Glyph ID="char_197" 
			       CONTENT="d"
			       HPOS="83"
			       VPOS="569"
			       WIDTH="0"
			       HEIGHT="0"
			       GC="0.9631">
						<Shape>
				<Polygon POINTS="83 569 83 569 83 569 83 569"/>
			</Shape>
						</Glyph>
						<Glyph ID="char_198" 
			       CONTENT="o"
			       HPOS="130"
			       VPOS="526"
			       WIDTH="0"
			       HEIGHT="55"
			       GC="1.0">
						<Shape>
				<Polygon POINTS="130 526 130 581 130 581 130 526"/>
			</Shape>
						</Glyph>
						<Glyph ID="char_199" 
			       CONTENT="u"
			       HPOS="156"
			       VPOS="528"
			       WIDTH="0"
			       HEIGHT="53"
			       GC="1.0">
						<Shape>
				<Polygon POINTS="156 528 156 581 156 581 156 528"/>
			</Shape>
						</Glyph>
						<Glyph ID="char_200" 
			       CONTENT="c"
			       HPOS="186"
			       VPOS="530"
			       WIDTH="0"
			       HEIGHT="51"
			       GC="0.998">
						<Shape>
				<Polygon POINTS="186 530 186 581 186 581 186 530"/>
			</Shape>
						</Glyph>
						<Glyph ID="char_201" 
			       CONTENT="e"
			       HPOS="207"
			       VPOS="532"
			       WIDTH="0"
			       HEIGHT="50"
			       GC="1.0">
						<Shape>
				<Polygon POINTS="207 532 207 582 207 582 207 532"/>
			</Shape>
						</Glyph>
					</String>
									<SP ID="segment_61"
		    HPOS="233" 
		    VPOS="526"
		    WIDTH="8" 
		    HEIGHT="56"/>
									<String ID="segment_62"
			CONTENT="ſubiection" 
			HPOS="245" 
			VPOS="522"
			WIDTH="193" 
			HEIGHT="63" 
			WC="0.99">
						<Shape>
				<Polygon POINTS="262 521 261 521 244 523 244 523 244 523 244 523 244 523 244 523 244 523 244 523 244 523 244 523 244 523 244 523 244 523 244 523 244 523 244 524 244 582 244 582 244 582 244 582 244 582 244 582 244 582 244 582 244 582 244 582 244 582 244 582 244 582 244 582 244 582 244 582 245 582 292 583 356 584 438 585 438 585 438 585 438 585 438 585 438 585 438 585 438 585 438 585 438 585 438 585 438 585 438 585 438 585 438 585 438 585 438 585 438 531 438 530 438 530 438 530 438 530 438 530 438 530 438 530 438 530 438 530 438 530 438 530 438 530 438 530 438 530 408 524 395 522 395 522 395 522 262 521"/>
			</Shape>
									<Glyph ID="char_203" 
			       CONTENT="ſ"
			       HPOS="245"
			       VPOS="524"
			       WIDTH="0"
			       HEIGHT="58"
			       GC="0.9973">
						<Shape>
				<Polygon POINTS="245 524 245 582 245 582 245 524"/>
			</Shape>
						</Glyph>
						<Glyph ID="char_204" 
			       CONTENT="u"
			       HPOS="262"
			       VPOS="522"
			       WIDTH="0"
			       HEIGHT="60"
			       GC="1.0">
						<Shape>
				<Polygon POINTS="262 522 262 582 262 582 262 522"/>
			</Shape>
						</Glyph>
						<Glyph ID="char_205" 
			       CONTENT="b"
			       HPOS="292"
			       VPOS="523"
			       WIDTH="0"
			       HEIGHT="60"
			       GC="1.0">
						<Shape>
				<Polygon POINTS="292 523 292 583 292 583 292 523"/>
			</Shape>
						</Glyph>
						<Glyph ID="char_206" 
			       CONTENT="i"
			       HPOS="318"
			       VPOS="525"
			       WIDTH="0"
			       HEIGHT="58"
			       GC="0.9999">
						<Shape>
				<Polygon POINTS="318 525 318 583 318 583 318 525"/>
			</Shape>
						</Glyph>
						<Glyph ID="char_207" 
			       CONTENT="e"
			       HPOS="335"
			       VPOS="532"
			       WIDTH="0"
			       HEIGHT="51"
			       GC="0.9167">
						<Shape>
				<Polygon POINTS="335 532 335 583 335 583 335 532"/>
			</Shape>
						</Glyph>
						<Glyph ID="char_208" 
			       CONTENT="c"
			       HPOS="356"
			       VPOS="523"
			       WIDTH="0"
			       HEIGHT="61"
			       GC="0.9975">
						<Shape>
				<Polygon POINTS="356 523 356 584 356 584 356 523"/>
			</Shape>
						</Glyph>
						<Glyph ID="char_209" 
			       CONTENT="t"
			       HPOS="374"
			       VPOS="523"
			       WIDTH="4"
			       HEIGHT="61"
			       GC="1.0">
						<Shape>
				<Polygon POINTS="374 523 374 584 378 584 378 523"/>
			</Shape>
						</Glyph>
						<Glyph ID="char_210" 
			       CONTENT="i"
			       HPOS="395"
			       VPOS="523"
			       WIDTH="0"
			       HEIGHT="61"
			       GC="0.9884">
						<Shape>
				<Polygon POINTS="395 523 395 584 395 584 395 523"/>
			</Shape>
						</Glyph>
						<Glyph ID="char_211" 
			       CONTENT="o"
			       HPOS="408"
			       VPOS="525"
			       WIDTH="0"
			       HEIGHT="59"
			       GC="1.0">
						<Shape>
				<Polygon POINTS="408 525 408 584 408 584 408 525"/>
			</Shape>
						</Glyph>
						<Glyph ID="char_212" 
			       CONTENT="n"
			       HPOS="438"
			       VPOS="531"
			       WIDTH="0"
			       HEIGHT="54"
			       GC="1.0">
						<Shape>
				<Polygon POINTS="438 531 438 585 438 585 438 531"/>
			</Shape>
						</Glyph>
					</String>
									<SP ID="segment_63"
		    HPOS="476" 
		    VPOS="524"
		    WIDTH="9" 
		    HEIGHT="61"/>
									<String ID="segment_64"
			CONTENT="d’vn" 
			HPOS="493" 
			VPOS="523"
			WIDTH="60" 
			HEIGHT="63" 
			WC="0.9764">
						<Shape>
				<Polygon POINTS="493 522 492 522 492 522 492 522 492 522 492 522 492 522 492 522 492 522 492 522 492 522 492 522 492 522 492 522 492 522 492 522 492 523 492 585 492 585 492 585 492 585 492 585 492 585 492 585 492 585 492 585 492 585 492 585 492 585 492 585 492 585 492 585 492 585 493 585 515 586 553 586 553 586 553 586 553 586 553 586 553 586 553 586 553 586 553 586 553 586 553 586 553 586 553 586 553 586 553 586 553 586 553 586 553 533 553 532 553 532 553 532 553 532 553 532 553 532 553 532 553 532 553 532 553 532 553 532 553 532 553 532 553 532 493 522 493 522 493 522"/>
			</Shape>
									<Glyph ID="char_214" 
			       CONTENT="d"
			       HPOS="493"
			       VPOS="523"
			       WIDTH="0"
			       HEIGHT="62"
			       GC="0.9055">
						<Shape>
				<Polygon POINTS="493 523 493 585 493 585 493 523"/>
			</Shape>
						</Glyph>
						<Glyph ID="char_215" 
			       CONTENT="’"
			       HPOS="515"
			       VPOS="531"
			       WIDTH="0"
			       HEIGHT="55"
			       GC="1.0">
						<Shape>
				<Polygon POINTS="515 531 515 586 515 586 515 531"/>
			</Shape>
						</Glyph>
						<Glyph ID="char_216" 
			       CONTENT="v"
			       HPOS="527"
			       VPOS="536"
			       WIDTH="0"
			       HEIGHT="50"
			       GC="1.0">
						<Shape>
				<Polygon POINTS="527 536 527 586 527 586 527 536"/>
			</Shape>
						</Glyph>
						<Glyph ID="char_217" 
			       CONTENT="n"
			       HPOS="553"
			       VPOS="533"
			       WIDTH="0"
			       HEIGHT="53"
			       GC="1.0">
						<Shape>
				<Polygon POINTS="553 533 553 586 553 586 553 533"/>
			</Shape>
						</Glyph>
					</String>
									<SP ID="segment_65"
		    HPOS="592" 
		    VPOS="528"
		    WIDTH="4" 
		    HEIGHT="59"/>
									<String ID="segment_66"
			CONTENT="ſi" 
			HPOS="604" 
			VPOS="525"
			WIDTH="13" 
			HEIGHT="62" 
			WC="0.8204">
						<Shape>
				<Polygon POINTS="617 524 616 524 616 524 603 526 603 526 603 526 603 526 603 526 603 526 603 526 603 526 603 526 603 526 603 526 603 526 603 526 603 526 603 527 603 587 603 587 603 587 603 587 603 587 603 587 603 587 603 587 603 587 603 587 603 587 603 587 603 587 603 587 603 587 603 587 604 587 617 587 617 587 617 587 617 587 617 587 617 587 617 587 617 587 617 587 617 587 617 587 617 587 617 587 617 587 617 587 617 587 617 587 617 525 617 524 617 524 617 524 617 524 617 524 617 524 617 524 617 524 617 524 617 524 617 524 617 524 617 524 617 524 617 524 617 524"/>
			</Shape>
									<Glyph ID="char_219" 
			       CONTENT="ſ"
			       HPOS="604"
			       VPOS="527"
			       WIDTH="0"
			       HEIGHT="60"
			       GC="0.9998">
						<Shape>
				<Polygon POINTS="604 527 604 587 604 587 604 527"/>
			</Shape>
						</Glyph>
						<Glyph ID="char_220" 
			       CONTENT="i"
			       HPOS="617"
			       VPOS="525"
			       WIDTH="0"
			       HEIGHT="62"
			       GC="0.6411">
						<Shape>
				<Polygon POINTS="617 525 617 587 617 587 617 525"/>
			</Shape>
						</Glyph>
					</String>
									<SP ID="segment_67"
		    HPOS="634" 
		    VPOS="529"
		    WIDTH="5" 
		    HEIGHT="58"/>
									<String ID="segment_68"
			CONTENT="grand" 
			HPOS="647" 
			VPOS="528"
			WIDTH="98" 
			HEIGHT="61" 
			WC="0.9918">
						<Shape>
				<Polygon POINTS="745 527 744 527 719 529 676 533 646 536 646 536 646 536 646 536 646 536 646 536 646 536 646 536 646 536 646 536 646 536 646 536 646 536 646 536 646 536 646 537 646 587 646 587 646 587 646 587 646 587 646 587 646 587 646 587 646 587 646 587 646 587 646 587 646 587 646 587 646 587 646 587 647 587 677 588 745 589 745 589 745 589 745 589 745 589 745 589 745 589 745 589 745 589 745 589 745 589 745 589 745 589 745 589 745 589 745 589 745 589 745 528 745 527 745 527 745 527 745 527 745 527 745 527 745 527 745 527 745 527 745 527 745 527 745 527 745 527 745 527 745 527 745 527"/>
			</Shape>
									<Glyph ID="char_222" 
			       CONTENT="g"
			       HPOS="647"
			       VPOS="537"
			       WIDTH="0"
			       HEIGHT="50"
			       GC="0.9657">
						<Shape>
				<Polygon POINTS="647 537 647 587 647 587 647 537"/>
			</Shape>
						</Glyph>
						<Glyph ID="char_223" 
			       CONTENT="r"
			       HPOS="677"
			       VPOS="534"
			       WIDTH="0"
			       HEIGHT="54"
			       GC="0.9999">
						<Shape>
				<Polygon POINTS="677 534 677 588 677 588 677 534"/>
			</Shape>
						</Glyph>
						<Glyph ID="char_224" 
			       CONTENT="a"
			       HPOS="694"
			       VPOS="532"
			       WIDTH="4"
			       HEIGHT="56"
			       GC="0.9999">
						<Shape>
				<Polygon POINTS="694 533 694 588 698 588 698 532"/>
			</Shape>
						</Glyph>
						<Glyph ID="char_225" 
			       CONTENT="n"
			       HPOS="720"
			       VPOS="530"
			       WIDTH="0"
			       HEIGHT="58"
			       GC="0.9998">
						<Shape>
				<Polygon POINTS="720 530 720 588 720 588 720 530"/>
			</Shape>
						</Glyph>
						<Glyph ID="char_226" 
			       CONTENT="d"
			       HPOS="745"
			       VPOS="528"
			       WIDTH="0"
			       HEIGHT="61"
			       GC="0.9936">
						<Shape>
				<Polygon POINTS="745 528 745 589 745 589 745 528"/>
			</Shape>
						</Glyph>
					</String>
				</TextLine>
										<TextLine ID="line_9"
	  HPOS="80"
	  VPOS="579" 
	  WIDTH="688" 
	  HEIGHT="70"	  BASELINE="81 625 768 632"
	                                          TAGREFS="TYPE_1"                                                                                                                                  >
			<Shape>
			<Polygon POINTS="81 625 80 636 176 636 181 638 203 645 204 645 206 645 207 645 229 639 237 646 239 646 240 646 241 646 333 641 356 639 357 641 365 646 365 648 366 648 367 648 369 649 416 649 416 648 418 648 419 648 426 642 432 639 481 639 766 648 768 632 764 586 741 596 715 586 714 586 713 586 711 586 710 586 693 599 632 599 605 586 604 586 602 586 558 596 509 585 508 585 506 585 482 595 466 583 465 583 463 583 462 583 386 595 270 595 81 579 81 625"/>
		</Shape>
	        							<String ID="segment_69"
			CONTENT="Monarque," 
			HPOS="81" 
			VPOS="585"
			WIDTH="260" 
			HEIGHT="61" 
			WC="0.9588">
						<Shape>
				<Polygon POINTS="149 584 148 584 148 584 148 584 148 584 148 584 80 624 80 624 80 624 80 624 80 624 80 624 80 624 80 624 80 624 80 624 80 624 80 625 80 625 80 625 80 625 80 625 80 625 80 625 80 625 80 625 80 625 80 625 80 625 80 625 80 625 80 625 148 636 208 645 208 645 209 645 250 646 250 646 305 643 341 640 341 640 341 640 341 640 341 640 341 640 341 640 341 640 341 640 341 640 341 640 341 640 341 640 341 640 341 640 341 640 341 595 341 594 341 594 341 594 341 594 341 594 341 594 341 594 341 594 341 594 341 594 341 594 341 594 341 594 341 594 341 594 149 584 149 584"/>
			</Shape>
									<Glyph ID="char_227" 
			       CONTENT="M"
			       HPOS="81"
			       VPOS="625"
			       WIDTH="0"
			       HEIGHT="0"
			       GC="0.9212">
						<Shape>
				<Polygon POINTS="81 625 81 625 81 625 81 625"/>
			</Shape>
						</Glyph>
						<Glyph ID="char_228" 
			       CONTENT="o"
			       HPOS="149"
			       VPOS="585"
			       WIDTH="0"
			       HEIGHT="51"
			       GC="1.0">
						<Shape>
				<Polygon POINTS="149 585 149 636 149 636 149 585"/>
			</Shape>
						</Glyph>
						<Glyph ID="char_229" 
			       CONTENT="n"
			       HPOS="177"
			       VPOS="587"
			       WIDTH="0"
			       HEIGHT="49"
			       GC="1.0">
						<Shape>
				<Polygon POINTS="177 587 177 636 177 636 177 587"/>
			</Shape>
						</Glyph>
						<Glyph ID="char_230" 
			       CONTENT="a"
			       HPOS="209"
			       VPOS="590"
			       WIDTH="0"
			       HEIGHT="55"
			       GC="0.9994">
						<Shape>
				<Polygon POINTS="209 590 209 645 209 645 209 590"/>
			</Shape>
						</Glyph>
						<Glyph ID="char_231" 
			       CONTENT="r"
			       HPOS="232"
			       VPOS="592"
			       WIDTH="0"
			       HEIGHT="49"
			       GC="1.0">
						<Shape>
				<Polygon POINTS="232 592 232 641 232 641 232 592"/>
			</Shape>
						</Glyph>
						<Glyph ID="char_232" 
			       CONTENT="q"
			       HPOS="250"
			       VPOS="593"
			       WIDTH="0"
			       HEIGHT="53"
			       GC="0.9882">
						<Shape>
				<Polygon POINTS="250 593 250 646 250 646 250 593"/>
			</Shape>
						</Glyph>
						<Glyph ID="char_233" 
			       CONTENT="u"
			       HPOS="277"
			       VPOS="595"
			       WIDTH="0"
			       HEIGHT="49"
			       GC="1.0">
						<Shape>
				<Polygon POINTS="277 595 277 644 277 644 277 595"/>
			</Shape>
						</Glyph>
						<Glyph ID="char_234" 
			       CONTENT="e"
			       HPOS="305"
			       VPOS="595"
			       WIDTH="0"
			       HEIGHT="48"
			       GC="0.7483">
						<Shape>
				<Polygon POINTS="305 595 305 643 305 643 305 595"/>
			</Shape>
						</Glyph>
						<Glyph ID="char_235" 
			       CONTENT=","
			       HPOS="341"
			       VPOS="595"
			       WIDTH="0"
			       HEIGHT="45"
			       GC="0.9721">
						<Shape>
				<Polygon POINTS="341 595 341 640 341 640 341 595"/>
			</Shape>
						</Glyph>
					</String>
									<SP ID="segment_70"
		    HPOS="359" 
		    VPOS="595"
		    WIDTH="5" 
		    HEIGHT="50"/>
									<String ID="segment_71"
			CONTENT="que" 
			HPOS="368" 
			VPOS="588"
			WIDTH="60" 
			HEIGHT="61" 
			WC="0.9948">
						<Shape>
				<Polygon POINTS="428 587 427 587 367 594 367 594 367 594 367 594 367 594 367 594 367 594 367 594 367 594 367 594 367 594 367 594 367 594 367 594 367 594 367 595 367 648 367 648 367 648 367 648 367 648 367 648 367 648 367 648 367 648 367 648 367 648 367 648 367 648 367 648 367 648 367 648 368 648 400 649 400 649 400 649 400 649 428 641 428 641 428 641 428 641 428 641 428 641 428 641 428 641 428 641 428 641 428 641 428 641 428 641 428 641 428 588 428 587 428 587 428 587 428 587 428 587 428 587 428 587 428 587 428 587 428 587 428 587 428 587 428 587 428 587 428 587 428 587"/>
			</Shape>
									<Glyph ID="char_237" 
			       CONTENT="q"
			       HPOS="368"
			       VPOS="595"
			       WIDTH="0"
			       HEIGHT="53"
			       GC="0.9888">
						<Shape>
				<Polygon POINTS="368 595 368 648 368 648 368 595"/>
			</Shape>
						</Glyph>
						<Glyph ID="char_238" 
			       CONTENT="u"
			       HPOS="400"
			       VPOS="593"
			       WIDTH="0"
			       HEIGHT="56"
			       GC="0.9999">
						<Shape>
				<Polygon POINTS="400 593 400 649 400 649 400 593"/>
			</Shape>
						</Glyph>
						<Glyph ID="char_239" 
			       CONTENT="e"
			       HPOS="428"
			       VPOS="588"
			       WIDTH="0"
			       HEIGHT="53"
			       GC="0.9957">
						<Shape>
				<Polygon POINTS="428 588 428 641 428 641 428 588"/>
			</Shape>
						</Glyph>
					</String>
									<SP ID="segment_72"
		    HPOS="451" 
		    VPOS="584"
		    WIDTH="4" 
		    HEIGHT="55"/>
									<String ID="segment_73"
			CONTENT="les" 
			HPOS="460" 
			VPOS="583"
			WIDTH="36" 
			HEIGHT="56" 
			WC="0.9963">
						<Shape>
				<Polygon POINTS="460 582 459 582 459 582 459 582 459 582 459 582 459 582 459 582 459 582 459 582 459 582 459 582 459 582 459 582 459 582 459 582 459 583 459 639 459 639 459 639 459 639 459 639 459 639 459 639 459 639 459 639 459 639 459 639 459 639 459 639 459 639 459 639 459 639 460 639 496 639 496 639 496 639 496 639 496 639 496 639 496 639 496 639 496 639 496 639 496 639 496 639 496 639 496 639 496 639 496 639 496 639 496 589 496 588 496 588 496 588 496 588 496 588 496 588 496 588 496 588 496 588 496 588 496 588 496 588 496 588 496 588 460 582 460 582 460 582"/>
			</Shape>
									<Glyph ID="char_241" 
			       CONTENT="l"
			       HPOS="460"
			       VPOS="583"
			       WIDTH="0"
			       HEIGHT="56"
			       GC="0.989">
						<Shape>
				<Polygon POINTS="460 583 460 639 460 639 460 583"/>
			</Shape>
						</Glyph>
						<Glyph ID="char_242" 
			       CONTENT="e"
			       HPOS="473"
			       VPOS="589"
			       WIDTH="0"
			       HEIGHT="50"
			       GC="0.9999">
						<Shape>
				<Polygon POINTS="473 589 473 639 473 639 473 589"/>
			</Shape>
						</Glyph>
						<Glyph ID="char_243" 
			       CONTENT="s"
			       HPOS="496"
			       VPOS="589"
			       WIDTH="0"
			       HEIGHT="50"
			       GC="1.0">
						<Shape>
				<Polygon POINTS="496 589 496 639 496 639 496 589"/>
			</Shape>
						</Glyph>
					</String>
									<SP ID="segment_74"
		    HPOS="519" 
		    VPOS="587"
		    WIDTH="5" 
		    HEIGHT="53"/>
									<String ID="segment_75"
			CONTENT="nations" 
			HPOS="533" 
			VPOS="586"
			WIDTH="137" 
			HEIGHT="59" 
			WC="0.9997">
						<Shape>
				<Polygon POINTS="601 585 600 585 532 589 532 589 532 589 532 589 532 589 532 589 532 589 532 589 532 589 532 589 532 589 532 589 532 589 532 589 532 589 532 590 532 641 532 641 532 641 532 641 532 641 532 641 532 641 532 641 532 641 532 641 532 641 532 641 532 641 532 641 532 641 532 641 533 641 601 643 670 645 670 645 670 645 670 645 670 645 670 645 670 645 670 645 670 645 670 645 670 645 670 645 670 645 670 645 670 645 670 645 670 645 670 599 670 598 670 598 670 598 670 598 670 598 670 598 670 598 670 598 670 598 670 598 670 598 670 598 670 598 670 598 601 585 601 585 601 585"/>
			</Shape>
									<Glyph ID="char_245" 
			       CONTENT="n"
			       HPOS="533"
			       VPOS="590"
			       WIDTH="0"
			       HEIGHT="51"
			       GC="1.0">
						<Shape>
				<Polygon POINTS="533 590 533 641 533 641 533 590"/>
			</Shape>
						</Glyph>
						<Glyph ID="char_246" 
			       CONTENT="a"
			       HPOS="560"
			       VPOS="595"
			       WIDTH="0"
			       HEIGHT="46"
			       GC="1.0">
						<Shape>
				<Polygon POINTS="560 595 560 641 560 641 560 595"/>
			</Shape>
						</Glyph>
						<Glyph ID="char_247" 
			       CONTENT="t"
			       HPOS="583"
			       VPOS="590"
			       WIDTH="0"
			       HEIGHT="52"
			       GC="0.9991">
						<Shape>
				<Polygon POINTS="583 590 583 642 583 642 583 590"/>
			</Shape>
						</Glyph>
						<Glyph ID="char_248" 
			       CONTENT="i"
			       HPOS="601"
			       VPOS="586"
			       WIDTH="0"
			       HEIGHT="57"
			       GC="1.0">
						<Shape>
				<Polygon POINTS="601 586 601 643 601 643 601 586"/>
			</Shape>
						</Glyph>
						<Glyph ID="char_249" 
			       CONTENT="o"
			       HPOS="615"
			       VPOS="591"
			       WIDTH="0"
			       HEIGHT="52"
			       GC="0.9996">
						<Shape>
				<Polygon POINTS="615 591 615 643 615 643 615 591"/>
			</Shape>
						</Glyph>
						<Glyph ID="char_250" 
			       CONTENT="n"
			       HPOS="642"
			       VPOS="599"
			       WIDTH="0"
			       HEIGHT="45"
			       GC="0.9991">
						<Shape>
				<Polygon POINTS="642 599 642 644 642 644 642 599"/>
			</Shape>
						</Glyph>
						<Glyph ID="char_251" 
			       CONTENT="s"
			       HPOS="670"
			       VPOS="599"
			       WIDTH="0"
			       HEIGHT="46"
			       GC="0.9999">
						<Shape>
				<Polygon POINTS="670 599 670 645 670 645 670 599"/>
			</Shape>
						</Glyph>
					</String>
									<SP ID="segment_76"
		    HPOS="692" 
		    VPOS="592"
		    WIDTH="10" 
		    HEIGHT="54"/>
									<String ID="segment_77"
			CONTENT="qui" 
			HPOS="706" 
			VPOS="587"
			WIDTH="55" 
			HEIGHT="61" 
			WC="0.9998">
						<Shape>
				<Polygon POINTS="761 586 706 588 705 588 705 588 705 588 705 588 705 588 705 588 705 588 705 588 705 588 705 588 705 588 705 588 705 588 705 588 705 588 705 589 705 646 705 646 705 646 705 646 705 646 705 646 705 646 705 646 705 646 705 646 705 646 705 646 705 646 705 646 705 646 705 646 706 646 733 647 761 648 761 648 761 648 761 648 761 648 761 648 761 648 761 648 761 648 761 648 761 648 761 648 761 648 761 648 761 648 761 648 761 648 761 587 761 586 761 586 761 586 761 586 761 586 761 586 761 586 761 586 761 586 761 586 761 586 761 586 761 586 761 586 761 586 761 586"/>
			</Shape>
									<Glyph ID="char_253" 
			       CONTENT="q"
			       HPOS="706"
			       VPOS="589"
			       WIDTH="0"
			       HEIGHT="57"
			       GC="0.9998">
						<Shape>
				<Polygon POINTS="706 589 706 646 706 646 706 589"/>
			</Shape>
						</Glyph>
						<Glyph ID="char_254" 
			       CONTENT="u"
			       HPOS="733"
			       VPOS="593"
			       WIDTH="0"
			       HEIGHT="54"
			       GC="0.9999">
						<Shape>
				<Polygon POINTS="733 593 733 647 733 647 733 593"/>
			</Shape>
						</Glyph>
						<Glyph ID="char_255" 
			       CONTENT="i"
			       HPOS="761"
			       VPOS="587"
			       WIDTH="0"
			       HEIGHT="61"
			       GC="0.9997">
						<Shape>
				<Polygon POINTS="761 587 761 648 761 648 761 587"/>
			</Shape>
						</Glyph>
					</String>
				</TextLine>
										<TextLine ID="line_10"
	  HPOS="80"
	  VPOS="633" 
	  WIDTH="688" 
	  HEIGHT="72"	  BASELINE="81 679 768 691"
	                                          TAGREFS="TYPE_1"                                                                                                                                  >
			<Shape>
			<Polygon POINTS="81 679 80 689 97 696 98 696 100 696 163 691 181 698 183 698 184 698 236 692 239 692 244 692 339 701 340 701 396 695 408 695 416 696 451 702 452 702 492 698 509 696 522 698 548 703 549 705 767 705 768 691 768 656 715 656 714 655 701 643 700 643 698 643 697 643 642 653 641 653 640 653 598 641 597 641 546 641 545 641 544 641 542 641 542 642 531 652 524 652 433 642 432 642 375 649 372 649 370 649 340 636 339 636 337 636 336 636 315 646 256 645 243 635 241 635 240 635 239 635 173 646 168 646 164 646 111 633 110 633 108 633 81 643 81 679"/>
		</Shape>
	        							<String ID="segment_78"
			CONTENT="aboutẽt" 
			HPOS="99" 
			VPOS="636"
			WIDTH="149" 
			HEIGHT="61" 
			WC="0.9693">
						<Shape>
				<Polygon POINTS="100 635 99 635 99 635 99 635 99 635 99 635 99 635 99 635 99 635 99 635 99 635 99 635 99 635 99 635 99 635 99 635 99 635 98 695 98 696 98 696 98 696 98 696 98 696 98 696 98 696 98 696 98 696 98 696 98 696 98 696 98 696 98 696 98 696 98 696 178 697 179 697 247 692 247 692 247 692 247 692 247 692 247 692 247 692 247 692 247 692 247 692 247 692 247 692 247 692 247 692 247 692 247 692 248 639 248 638 248 638 248 638 248 638 248 638 248 638 248 638 248 638 248 638 248 638 248 638 248 638 248 638 248 638 234 635 234 635 234 635 100 635"/>
			</Shape>
									<Glyph ID="char_256" 
			       CONTENT="a"
			       HPOS="99"
			       VPOS="636"
			       WIDTH="1"
			       HEIGHT="60"
			       GC="0.7586">
						<Shape>
				<Polygon POINTS="100 636 99 696 99 696 100 636"/>
			</Shape>
						</Glyph>
						<Glyph ID="char_257" 
			       CONTENT="b"
			       HPOS="121"
			       VPOS="636"
			       WIDTH="1"
			       HEIGHT="58"
			       GC="1.0">
						<Shape>
				<Polygon POINTS="122 636 121 694 121 694 122 636"/>
			</Shape>
						</Glyph>
						<Glyph ID="char_258" 
			       CONTENT="o"
			       HPOS="153"
			       VPOS="643"
			       WIDTH="1"
			       HEIGHT="49"
			       GC="1.0">
						<Shape>
				<Polygon POINTS="154 643 153 692 153 692 154 643"/>
			</Shape>
						</Glyph>
						<Glyph ID="char_259" 
			       CONTENT="u"
			       HPOS="179"
			       VPOS="645"
			       WIDTH="1"
			       HEIGHT="52"
			       GC="1.0">
						<Shape>
				<Polygon POINTS="180 645 179 697 179 697 180 645"/>
			</Shape>
						</Glyph>
						<Glyph ID="char_260" 
			       CONTENT="t"
			       HPOS="206"
			       VPOS="640"
			       WIDTH="1"
			       HEIGHT="55"
			       GC="0.9996">
						<Shape>
				<Polygon POINTS="207 640 206 695 206 695 207 640"/>
			</Shape>
						</Glyph>
						<Glyph ID="char_261" 
			       CONTENT="e"
			       HPOS="224"
			       VPOS="637"
			       WIDTH="6"
			       HEIGHT="56"
			       GC="0.9998">
						<Shape>
				<Polygon POINTS="225 637 224 693 229 693 230 637"/>
			</Shape>
						</Glyph>
						<Glyph ID="char_262" 
			       CONTENT="̃"
			       HPOS="233"
			       VPOS="636"
			       WIDTH="1"
			       HEIGHT="56"
			       GC="0.9999">
						<Shape>
				<Polygon POINTS="234 636 233 692 233 692 234 636"/>
			</Shape>
						</Glyph>
						<Glyph ID="char_263" 
			       CONTENT="t"
			       HPOS="247"
			       VPOS="639"
			       WIDTH="1"
			       HEIGHT="53"
			       GC="0.9967">
						<Shape>
				<Polygon POINTS="248 639 247 692 247 692 248 639"/>
			</Shape>
						</Glyph>
					</String>
									<SP ID="segment_79"
		    HPOS="260" 
		    VPOS="645"
		    WIDTH="5" 
		    HEIGHT="49"/>
									<String ID="segment_80"
			CONTENT="les" 
			HPOS="269" 
			VPOS="645"
			WIDTH="41" 
			HEIGHT="53" 
			WC="0.9998">
						<Shape>
				<Polygon POINTS="283 644 270 644 269 644 269 644 269 644 269 644 269 644 269 644 269 644 269 644 269 644 269 644 269 644 269 644 269 644 269 644 269 644 269 644 268 693 268 694 268 694 268 694 268 694 268 694 268 694 268 694 268 694 268 694 268 694 268 694 268 694 268 694 268 694 268 694 281 696 308 698 308 698 309 698 309 698 309 698 309 698 309 698 309 698 309 698 309 698 309 698 309 698 309 698 309 698 309 698 309 698 309 698 309 698 310 646 310 645 310 645 310 645 310 645 310 645 310 645 310 645 310 645 310 645 310 645 310 645 310 645 310 645 310 645 310 645 310 645 283 644"/>
			</Shape>
									<Glyph ID="char_265" 
			       CONTENT="l"
			       HPOS="269"
			       VPOS="645"
			       WIDTH="1"
			       HEIGHT="49"
			       GC="1.0">
						<Shape>
				<Polygon POINTS="270 645 269 694 269 694 270 645"/>
			</Shape>
						</Glyph>
						<Glyph ID="char_266" 
			       CONTENT="e"
			       HPOS="282"
			       VPOS="645"
			       WIDTH="1"
			       HEIGHT="51"
			       GC="1.0">
						<Shape>
				<Polygon POINTS="283 645 282 696 282 696 283 645"/>
			</Shape>
						</Glyph>
						<Glyph ID="char_267" 
			       CONTENT="s"
			       HPOS="309"
			       VPOS="646"
			       WIDTH="1"
			       HEIGHT="52"
			       GC="0.9996">
						<Shape>
				<Polygon POINTS="310 646 309 698 309 698 310 646"/>
			</Shape>
						</Glyph>
					</String>
									<SP ID="segment_81"
		    HPOS="323" 
		    VPOS="640"
		    WIDTH="5" 
		    HEIGHT="60"/>
									<String ID="segment_82"
			CONTENT="frontieres" 
			HPOS="332" 
			VPOS="638"
			WIDTH="188" 
			HEIGHT="64" 
			WC="0.998">
						<Shape>
				<Polygon POINTS="333 637 332 637 332 637 332 637 332 637 332 637 332 637 332 637 332 637 332 637 332 637 332 637 332 637 332 637 332 637 332 637 332 637 331 699 331 700 331 700 331 700 331 700 331 700 331 700 331 700 331 700 331 700 331 700 331 700 331 700 331 700 331 700 331 700 331 700 456 702 457 702 519 697 519 697 519 697 519 697 519 697 519 697 519 697 519 697 519 697 519 697 519 697 519 697 519 697 519 697 519 697 519 697 520 652 520 651 520 651 520 651 520 651 520 651 520 651 520 651 520 651 520 651 520 651 520 651 520 651 520 651 520 651 520 651 498 648 480 646 444 642 444 642 333 637"/>
			</Shape>
									<Glyph ID="char_269" 
			       CONTENT="f"
			       HPOS="332"
			       VPOS="638"
			       WIDTH="1"
			       HEIGHT="62"
			       GC="0.9979">
						<Shape>
				<Polygon POINTS="333 638 332 700 332 700 333 638"/>
			</Shape>
						</Glyph>
						<Glyph ID="char_270" 
			       CONTENT="r"
			       HPOS="349"
			       VPOS="640"
			       WIDTH="1"
			       HEIGHT="60"
			       GC="0.9995">
						<Shape>
				<Polygon POINTS="350 640 349 700 349 700 350 640"/>
			</Shape>
						</Glyph>
						<Glyph ID="char_271" 
			       CONTENT="o"
			       HPOS="372"
			       VPOS="649"
			       WIDTH="1"
			       HEIGHT="49"
			       GC="0.9998">
						<Shape>
				<Polygon POINTS="373 649 372 698 372 698 373 649"/>
			</Shape>
						</Glyph>
						<Glyph ID="char_272" 
			       CONTENT="n"
			       HPOS="399"
			       VPOS="646"
			       WIDTH="1"
			       HEIGHT="49"
			       GC="1.0">
						<Shape>
				<Polygon POINTS="400 646 399 695 399 695 400 646"/>
			</Shape>
						</Glyph>
						<Glyph ID="char_273" 
			       CONTENT="t"
			       HPOS="425"
			       VPOS="643"
			       WIDTH="1"
			       HEIGHT="54"
			       GC="1.0">
						<Shape>
				<Polygon POINTS="426 643 425 697 425 697 426 643"/>
			</Shape>
						</Glyph>
						<Glyph ID="char_274" 
			       CONTENT="i"
			       HPOS="443"
			       VPOS="643"
			       WIDTH="1"
			       HEIGHT="58"
			       GC="0.9995">
						<Shape>
				<Polygon POINTS="444 643 443 701 443 701 444 643"/>
			</Shape>
						</Glyph>
						<Glyph ID="char_275" 
			       CONTENT="e"
			       HPOS="457"
			       VPOS="645"
			       WIDTH="1"
			       HEIGHT="57"
			       GC="0.9833">
						<Shape>
				<Polygon POINTS="458 645 457 702 457 702 458 645"/>
			</Shape>
						</Glyph>
						<Glyph ID="char_276" 
			       CONTENT="r"
			       HPOS="479"
			       VPOS="647"
			       WIDTH="1"
			       HEIGHT="52"
			       GC="0.9997">
						<Shape>
				<Polygon POINTS="480 647 479 699 479 699 480 647"/>
			</Shape>
						</Glyph>
						<Glyph ID="char_277" 
			       CONTENT="e"
			       HPOS="497"
			       VPOS="649"
			       WIDTH="1"
			       HEIGHT="48"
			       GC="1.0">
						<Shape>
				<Polygon POINTS="498 649 497 697 497 697 498 649"/>
			</Shape>
						</Glyph>
						<Glyph ID="char_278" 
			       CONTENT="s"
			       HPOS="519"
			       VPOS="652"
			       WIDTH="1"
			       HEIGHT="45"
			       GC="1.0">
						<Shape>
				<Polygon POINTS="520 652 519 697 519 697 520 652"/>
			</Shape>
						</Glyph>
					</String>
									<SP ID="segment_83"
		    HPOS="537" 
		    VPOS="641"
		    WIDTH="6" 
		    HEIGHT="61"/>
									<String ID="segment_84"
			CONTENT="de" 
			HPOS="546" 
			VPOS="641"
			WIDTH="33" 
			HEIGHT="64" 
			WC="0.9816">
						<Shape>
				<Polygon POINTS="547 640 546 640 546 640 546 640 546 640 546 640 546 640 546 640 546 640 546 640 546 640 546 640 546 640 546 640 546 640 546 640 546 640 545 702 545 703 545 703 545 703 545 703 545 703 545 703 545 703 545 703 545 703 545 703 545 703 545 703 545 703 545 703 545 703 545 703 573 705 578 705 579 641 547 640"/>
			</Shape>
									<Glyph ID="char_280" 
			       CONTENT="d"
			       HPOS="546"
			       VPOS="641"
			       WIDTH="1"
			       HEIGHT="62"
			       GC="0.9631">
						<Shape>
				<Polygon POINTS="547 641 546 703 546 703 547 641"/>
			</Shape>
						</Glyph>
						<Glyph ID="char_281" 
			       CONTENT="e"
			       HPOS="573"
			       VPOS="641"
			       WIDTH="6"
			       HEIGHT="64"
			       GC="1.0">
						<Shape>
				<Polygon POINTS="574 641 573 705 578 705 579 641"/>
			</Shape>
						</Glyph>
					</String>
									<SP ID="segment_85"
		    HPOS="596" 
		    VPOS="641"
		    WIDTH="5" 
		    HEIGHT="64"/>
									<String ID="segment_86"
			CONTENT="Scythie," 
			HPOS="604" 
			VPOS="643"
			WIDTH="164" 
			HEIGHT="62" 
			WC="0.9947">
						<Shape>
				<Polygon POINTS="605 642 604 642 604 642 604 642 604 642 604 642 604 642 604 642 604 642 604 642 604 642 604 642 604 642 604 642 604 642 604 642 604 642 603 704 603 705 603 705 603 705 603 705 603 705 603 705 603 705 603 705 603 705 603 705 603 705 603 705 603 705 603 705 603 705 603 705 725 705 738 705 739 705 739 705 739 705 739 705 739 705 768 691 768 691 768 691 768 691 768 691 768 691 768 691 768 691 768 691 768 691 768 691 768 691 768 690 768 690 768 690 768 690 768 690 768 690 768 690 740 655 740 655 740 655 740 655 740 655 740 655 740 655 695 642 695 642 695 642 695 642 605 642"/>
			</Shape>
									<Glyph ID="char_283" 
			       CONTENT="S"
			       HPOS="604"
			       VPOS="643"
			       WIDTH="1"
			       HEIGHT="62"
			       GC="0.9604">
						<Shape>
				<Polygon POINTS="605 643 604 705 604 705 605 643"/>
			</Shape>
						</Glyph>
						<Glyph ID="char_284" 
			       CONTENT="c"
			       HPOS="631"
			       VPOS="651"
			       WIDTH="6"
			       HEIGHT="54"
			       GC="0.9998">
						<Shape>
				<Polygon POINTS="632 651 631 705 636 705 637 652"/>
			</Shape>
						</Glyph>
						<Glyph ID="char_285" 
			       CONTENT="y"
			       HPOS="654"
			       VPOS="650"
			       WIDTH="5"
			       HEIGHT="55"
			       GC="0.9999">
						<Shape>
				<Polygon POINTS="655 651 654 705 658 705 659 650"/>
			</Shape>
						</Glyph>
						<Glyph ID="char_286" 
			       CONTENT="t"
			       HPOS="676"
			       VPOS="646"
			       WIDTH="6"
			       HEIGHT="59"
			       GC="0.9998">
						<Shape>
				<Polygon POINTS="677 647 676 705 681 705 682 646"/>
			</Shape>
						</Glyph>
						<Glyph ID="char_287" 
			       CONTENT="h"
			       HPOS="694"
			       VPOS="643"
			       WIDTH="1"
			       HEIGHT="62"
			       GC="0.9997">
						<Shape>
				<Polygon POINTS="695 643 694 705 694 705 695 643"/>
			</Shape>
						</Glyph>
						<Glyph ID="char_288" 
			       CONTENT="i"
			       HPOS="725"
			       VPOS="656"
			       WIDTH="0"
			       HEIGHT="49"
			       GC="0.9998">
						<Shape>
				<Polygon POINTS="725 656 725 705 725 705 725 656"/>
			</Shape>
						</Glyph>
						<Glyph ID="char_289" 
			       CONTENT="e"
			       HPOS="739"
			       VPOS="656"
			       WIDTH="1"
			       HEIGHT="49"
			       GC="0.9992">
						<Shape>
				<Polygon POINTS="740 656 739 705 739 705 740 656"/>
			</Shape>
						</Glyph>
						<Glyph ID="char_290" 
			       CONTENT=","
			       HPOS="768"
			       VPOS="691"
			       WIDTH="0"
			       HEIGHT="0"
			       GC="0.9992">
						<Shape>
				<Polygon POINTS="768 691 768 691 768 691 768 691"/>
			</Shape>
						</Glyph>
					</String>
				</TextLine>
										<TextLine ID="line_11"
	  HPOS="80"
	  VPOS="692" 
	  WIDTH="690" 
	  HEIGHT="63"	  BASELINE="81 736 770 745"
	                                          TAGREFS="TYPE_1"                                                                                                                                  >
			<Shape>
			<Polygon POINTS="81 736 80 746 767 755 770 745 768 698 714 698 713 698 711 698 710 698 695 708 641 698 631 696 630 696 621 698 584 706 539 699 538 699 429 705 418 699 408 693 406 693 405 693 380 699 363 702 339 699 290 692 246 692 244 692 243 692 241 692 241 693 234 699 231 702 219 699 194 695 193 695 81 699 81 736"/>
		</Shape>
	        							<String ID="segment_87"
			CONTENT="ont" 
			HPOS="97" 
			VPOS="696"
			WIDTH="59" 
			HEIGHT="51" 
			WC="0.9999">
						<Shape>
				<Polygon POINTS="156 695 155 695 124 696 97 698 97 746 123 747 154 747 155 747 155 747 155 747 155 747 155 747 155 747 155 747 155 747 155 747 155 747 155 747 155 747 155 747 155 747 155 747 155 747 156 696 156 695 156 695 156 695 156 695 156 695 156 695 156 695 156 695 156 695 156 695 156 695 156 695 156 695 156 695 156 695 156 695"/>
			</Shape>
									<Glyph ID="char_291" 
			       CONTENT="o"
			       HPOS="97"
			       VPOS="698"
			       WIDTH="3"
			       HEIGHT="48"
			       GC="0.9999">
						<Shape>
				<Polygon POINTS="97 698 97 746 100 746 100 698"/>
			</Shape>
						</Glyph>
						<Glyph ID="char_292" 
			       CONTENT="n"
			       HPOS="124"
			       VPOS="697"
			       WIDTH="1"
			       HEIGHT="50"
			       GC="1.0">
						<Shape>
				<Polygon POINTS="125 697 124 747 124 747 125 697"/>
			</Shape>
						</Glyph>
						<Glyph ID="char_293" 
			       CONTENT="t"
			       HPOS="155"
			       VPOS="696"
			       WIDTH="1"
			       HEIGHT="51"
			       GC="1.0">
						<Shape>
				<Polygon POINTS="156 696 155 747 155 747 156 696"/>
			</Shape>
						</Glyph>
					</String>
									<SP ID="segment_88"
		    HPOS="186" 
		    VPOS="695"
		    WIDTH="5" 
		    HEIGHT="52"/>
									<String ID="segment_89"
			CONTENT="ambitieuſement" 
			HPOS="197" 
			VPOS="692"
			WIDTH="324" 
			HEIGHT="60" 
			WC="0.9964">
						<Shape>
				<Polygon POINTS="264 691 263 691 197 695 197 695 197 695 197 695 197 695 197 695 197 695 197 695 197 695 197 695 197 695 197 695 197 695 197 695 197 695 197 695 196 747 196 748 196 748 196 748 196 748 196 748 196 748 196 748 196 748 196 748 196 748 196 748 196 748 196 748 196 748 196 748 196 748 519 752 520 752 520 752 520 752 520 752 520 752 520 752 520 752 520 752 520 752 520 752 520 752 520 752 520 752 520 752 520 752 520 752 521 700 521 699 521 699 521 699 521 699 521 699 521 699 521 699 521 699 521 699 521 699 521 699 521 699 521 699 521 699 521 699 521 699 408 693 264 691"/>
			</Shape>
									<Glyph ID="char_295" 
			       CONTENT="a"
			       HPOS="197"
			       VPOS="696"
			       WIDTH="1"
			       HEIGHT="52"
			       GC="1.0">
						<Shape>
				<Polygon POINTS="198 696 197 748 197 748 198 696"/>
			</Shape>
						</Glyph>
						<Glyph ID="char_296" 
			       CONTENT="m"
			       HPOS="221"
			       VPOS="700"
			       WIDTH="0"
			       HEIGHT="48"
			       GC="1.0">
						<Shape>
				<Polygon POINTS="221 700 221 748 221 748 221 700"/>
			</Shape>
						</Glyph>
						<Glyph ID="char_297" 
			       CONTENT="b"
			       HPOS="263"
			       VPOS="692"
			       WIDTH="1"
			       HEIGHT="56"
			       GC="0.9999">
						<Shape>
				<Polygon POINTS="264 692 263 748 263 748 264 692"/>
			</Shape>
						</Glyph>
						<Glyph ID="char_298" 
			       CONTENT="i"
			       HPOS="295"
			       VPOS="693"
			       WIDTH="1"
			       HEIGHT="56"
			       GC="0.961">
						<Shape>
				<Polygon POINTS="296 693 295 749 295 749 296 693"/>
			</Shape>
						</Glyph>
						<Glyph ID="char_299" 
			       CONTENT="t"
			       HPOS="306"
			       VPOS="694"
			       WIDTH="1"
			       HEIGHT="55"
			       GC="0.9999">
						<Shape>
				<Polygon POINTS="307 694 306 749 306 749 307 694"/>
			</Shape>
						</Glyph>
						<Glyph ID="char_300" 
			       CONTENT="i"
			       HPOS="326"
			       VPOS="697"
			       WIDTH="1"
			       HEIGHT="52"
			       GC="0.9999">
						<Shape>
				<Polygon POINTS="327 697 326 749 326 749 327 697"/>
			</Shape>
						</Glyph>
						<Glyph ID="char_301" 
			       CONTENT="e"
			       HPOS="341"
			       VPOS="699"
			       WIDTH="1"
			       HEIGHT="50"
			       GC="1.0">
						<Shape>
				<Polygon POINTS="342 699 341 749 341 749 342 699"/>
			</Shape>
						</Glyph>
						<Glyph ID="char_302" 
			       CONTENT="u"
			       HPOS="361"
			       VPOS="702"
			       WIDTH="0"
			       HEIGHT="48"
			       GC="0.9999">
						<Shape>
				<Polygon POINTS="361 702 361 750 361 750 361 702"/>
			</Shape>
						</Glyph>
						<Glyph ID="char_303" 
			       CONTENT="ſ"
			       HPOS="388"
			       VPOS="697"
			       WIDTH="1"
			       HEIGHT="53"
			       GC="1.0">
						<Shape>
				<Polygon POINTS="389 697 388 750 388 750 389 697"/>
			</Shape>
						</Glyph>
						<Glyph ID="char_304" 
			       CONTENT="e"
			       HPOS="403"
			       VPOS="693"
			       WIDTH="5"
			       HEIGHT="57"
			       GC="1.0">
						<Shape>
				<Polygon POINTS="404 693 403 750 407 750 408 693"/>
			</Shape>
						</Glyph>
						<Glyph ID="char_305" 
			       CONTENT="m"
			       HPOS="427"
			       VPOS="704"
			       WIDTH="3"
			       HEIGHT="47"
			       GC="1.0">
						<Shape>
				<Polygon POINTS="427 704 427 751 430 751 430 705"/>
			</Shape>
						</Glyph>
						<Glyph ID="char_306" 
			       CONTENT="e"
			       HPOS="469"
			       VPOS="703"
			       WIDTH="0"
			       HEIGHT="48"
			       GC="0.9886">
						<Shape>
				<Polygon POINTS="469 703 469 751 469 751 469 703"/>
			</Shape>
						</Glyph>
						<Glyph ID="char_307" 
			       CONTENT="n"
			       HPOS="492"
			       VPOS="702"
			       WIDTH="0"
			       HEIGHT="49"
			       GC="1.0">
						<Shape>
				<Polygon POINTS="492 702 492 751 492 751 492 702"/>
			</Shape>
						</Glyph>
						<Glyph ID="char_308" 
			       CONTENT="t"
			       HPOS="520"
			       VPOS="700"
			       WIDTH="1"
			       HEIGHT="52"
			       GC="0.9999">
						<Shape>
				<Polygon POINTS="521 700 520 752 520 752 521 700"/>
			</Shape>
						</Glyph>
					</String>
									<SP ID="segment_90"
		    HPOS="551" 
		    VPOS="701"
		    WIDTH="4" 
		    HEIGHT="51"/>
									<String ID="segment_91"
			CONTENT="recherché" 
			HPOS="562" 
			VPOS="696"
			WIDTH="203" 
			HEIGHT="59" 
			WC="0.9654">
						<Shape>
				<Polygon POINTS="629 695 628 695 561 702 561 702 561 702 561 702 561 702 561 702 561 702 561 702 561 702 561 702 561 702 561 702 561 702 561 702 561 702 561 703 561 752 561 752 561 752 561 752 561 752 561 752 561 752 561 752 561 752 561 752 561 752 561 752 561 752 561 752 561 752 561 752 562 752 582 753 658 754 753 755 764 755 765 698 629 695"/>
			</Shape>
									<Glyph ID="char_310" 
			       CONTENT="r"
			       HPOS="562"
			       VPOS="703"
			       WIDTH="0"
			       HEIGHT="49"
			       GC="0.82">
						<Shape>
				<Polygon POINTS="562 703 562 752 562 752 562 703"/>
			</Shape>
						</Glyph>
						<Glyph ID="char_311" 
			       CONTENT="e"
			       HPOS="582"
			       VPOS="705"
			       WIDTH="4"
			       HEIGHT="48"
			       GC="0.9999">
						<Shape>
				<Polygon POINTS="582 706 582 753 586 753 586 705"/>
			</Shape>
						</Glyph>
						<Glyph ID="char_312" 
			       CONTENT="c"
			       HPOS="609"
			       VPOS="700"
			       WIDTH="1"
			       HEIGHT="53"
			       GC="1.0">
						<Shape>
				<Polygon POINTS="610 700 609 753 609 753 610 700"/>
			</Shape>
						</Glyph>
						<Glyph ID="char_313" 
			       CONTENT="h"
			       HPOS="628"
			       VPOS="696"
			       WIDTH="1"
			       HEIGHT="57"
			       GC="0.9999">
						<Shape>
				<Polygon POINTS="629 696 628 753 628 753 629 696"/>
			</Shape>
						</Glyph>
						<Glyph ID="char_314" 
			       CONTENT="e"
			       HPOS="659"
			       VPOS="701"
			       WIDTH="1"
			       HEIGHT="53"
			       GC="0.9999">
						<Shape>
				<Polygon POINTS="660 701 659 754 659 754 660 701"/>
			</Shape>
						</Glyph>
						<Glyph ID="char_315" 
			       CONTENT="r"
			       HPOS="683"
			       VPOS="706"
			       WIDTH="0"
			       HEIGHT="48"
			       GC="0.8399">
						<Shape>
				<Polygon POINTS="683 706 683 754 683 754 683 706"/>
			</Shape>
						</Glyph>
						<Glyph ID="char_316" 
			       CONTENT="c"
			       HPOS="702"
			       VPOS="703"
			       WIDTH="0"
			       HEIGHT="51"
			       GC="0.9999">
						<Shape>
				<Polygon POINTS="702 703 702 754 702 754 702 703"/>
			</Shape>
						</Glyph>
						<Glyph ID="char_317" 
			       CONTENT="h"
			       HPOS="722"
			       VPOS="698"
			       WIDTH="1"
			       HEIGHT="56"
			       GC="0.9952">
						<Shape>
				<Polygon POINTS="723 698 722 754 722 754 723 698"/>
			</Shape>
						</Glyph>
						<Glyph ID="char_318" 
			       CONTENT="e"
			       HPOS="753"
			       VPOS="698"
			       WIDTH="4"
			       HEIGHT="57"
			       GC="0.9993">
						<Shape>
				<Polygon POINTS="754 698 753 755 756 755 757 698"/>
			</Shape>
						</Glyph>
						<Glyph ID="char_319" 
			       CONTENT="́"
			       HPOS="760"
			       VPOS="698"
			       WIDTH="5"
			       HEIGHT="57"
			       GC="0.9997">
						<Shape>
				<Polygon POINTS="761 698 760 755 764 755 765 698"/>
			</Shape>
						</Glyph>
					</String>
				</TextLine>
										<TextLine ID="line_12"
	  HPOS="84"
	  VPOS="752" 
	  WIDTH="686" 
	  HEIGHT="60"	  BASELINE="85 795 770 801"
	                                          TAGREFS="TYPE_1"                                                                                                                                  >
			<Shape>
			<Polygon POINTS="85 795 84 812 768 812 770 801 768 765 707 756 705 756 704 756 703 756 703 758 695 764 693 768 627 768 614 764 582 755 581 755 579 755 578 755 562 764 558 765 536 764 492 758 491 758 462 762 445 765 439 762 423 754 422 754 396 754 395 754 393 754 392 754 392 755 385 762 382 765 336 765 332 762 322 754 320 754 319 754 267 754 266 754 264 754 263 754 252 761 249 764 201 764 200 761 191 754 191 752 190 752 189 752 187 752 186 752 166 761 161 762 85 761 85 795"/>
		</Shape>
	        							<String ID="segment_92"
			CONTENT="pour" 
			HPOS="85" 
			VPOS="756"
			WIDTH="91" 
			HEIGHT="56" 
			WC="0.9966">
						<Shape>
				<Polygon POINTS="176 755 175 755 121 760 121 760 121 760 121 760 121 760 121 760 121 760 121 760 84 794 84 794 84 794 84 794 84 794 84 794 84 794 84 794 84 795 84 795 84 795 84 795 84 795 84 795 84 795 84 795 84 795 84 795 84 795 84 795 84 795 121 812 121 812 121 812 121 812 122 812 176 812 176 812 176 812 176 812 176 812 176 812 176 812 176 812 176 812 176 812 176 812 176 812 176 812 176 812 176 812 176 812 176 812 176 756 176 755 176 755 176 755 176 755 176 755 176 755 176 755 176 755 176 755 176 755 176 755 176 755 176 755 176 755 176 755 176 755"/>
			</Shape>
									<Glyph ID="char_320" 
			       CONTENT="p"
			       HPOS="85"
			       VPOS="795"
			       WIDTH="0"
			       HEIGHT="0"
			       GC="0.9865">
						<Shape>
				<Polygon POINTS="85 795 85 795 85 795 85 795"/>
			</Shape>
						</Glyph>
						<Glyph ID="char_321" 
			       CONTENT="o"
			       HPOS="122"
			       VPOS="761"
			       WIDTH="0"
			       HEIGHT="51"
			       GC="1.0">
						<Shape>
				<Polygon POINTS="122 761 122 812 122 812 122 761"/>
			</Shape>
						</Glyph>
						<Glyph ID="char_322" 
			       CONTENT="u"
			       HPOS="152"
			       VPOS="762"
			       WIDTH="0"
			       HEIGHT="50"
			       GC="1.0">
						<Shape>
				<Polygon POINTS="152 762 152 812 152 812 152 762"/>
			</Shape>
						</Glyph>
						<Glyph ID="char_323" 
			       CONTENT="r"
			       HPOS="176"
			       VPOS="756"
			       WIDTH="0"
			       HEIGHT="56"
			       GC="1.0">
						<Shape>
				<Polygon POINTS="176 756 176 812 176 812 176 756"/>
			</Shape>
						</Glyph>
					</String>
									<SP ID="segment_93"
		    HPOS="201" 
		    VPOS="764"
		    WIDTH="5" 
		    HEIGHT="48"/>
									<String ID="segment_94"
			CONTENT="maiſtre." 
			HPOS="214" 
			VPOS="754"
			WIDTH="154" 
			HEIGHT="58" 
			WC="0.9985">
						<Shape>
				<Polygon POINTS="280 753 279 753 259 755 259 755 213 763 213 763 213 763 213 763 213 763 213 763 213 763 213 763 213 763 213 763 213 763 213 763 213 763 213 763 213 764 213 812 213 812 213 812 213 812 213 812 213 812 213 812 213 812 213 812 213 812 213 812 213 812 213 812 213 812 213 812 213 812 214 812 368 812 368 812 368 812 368 812 368 812 368 812 368 812 368 812 368 812 368 812 368 812 368 812 368 812 368 812 368 812 368 812 368 812 368 765 368 764 368 764 368 764 368 764 368 764 368 764 368 764 368 764 368 764 368 764 368 764 368 764 368 764 368 764 326 756 310 753 310 753 310 753 280 753"/>
			</Shape>
									<Glyph ID="char_325" 
			       CONTENT="m"
			       HPOS="214"
			       VPOS="764"
			       WIDTH="0"
			       HEIGHT="48"
			       GC="1.0">
						<Shape>
				<Polygon POINTS="214 764 214 812 214 812 214 764"/>
			</Shape>
						</Glyph>
						<Glyph ID="char_326" 
			       CONTENT="a"
			       HPOS="260"
			       VPOS="756"
			       WIDTH="0"
			       HEIGHT="56"
			       GC="1.0">
						<Shape>
				<Polygon POINTS="260 756 260 812 260 812 260 756"/>
			</Shape>
						</Glyph>
						<Glyph ID="char_327" 
			       CONTENT="i"
			       HPOS="280"
			       VPOS="754"
			       WIDTH="0"
			       HEIGHT="58"
			       GC="0.9879">
						<Shape>
				<Polygon POINTS="280 754 280 812 280 812 280 754"/>
			</Shape>
						</Glyph>
						<Glyph ID="char_328" 
			       CONTENT="ſ"
			       HPOS="297"
			       VPOS="754"
			       WIDTH="0"
			       HEIGHT="58"
			       GC="1.0">
						<Shape>
				<Polygon POINTS="297 754 297 812 297 812 297 754"/>
			</Shape>
						</Glyph>
						<Glyph ID="char_329" 
			       CONTENT="t"
			       HPOS="310"
			       VPOS="754"
			       WIDTH="0"
			       HEIGHT="58"
			       GC="1.0">
						<Shape>
				<Polygon POINTS="310 754 310 812 310 812 310 754"/>
			</Shape>
						</Glyph>
						<Glyph ID="char_330" 
			       CONTENT="r"
			       HPOS="326"
			       VPOS="757"
			       WIDTH="0"
			       HEIGHT="55"
			       GC="1.0">
						<Shape>
				<Polygon POINTS="326 757 326 812 326 812 326 757"/>
			</Shape>
						</Glyph>
						<Glyph ID="char_331" 
			       CONTENT="e"
			       HPOS="343"
			       VPOS="765"
			       WIDTH="0"
			       HEIGHT="47"
			       GC="0.9999">
						<Shape>
				<Polygon POINTS="343 765 343 812 343 812 343 765"/>
			</Shape>
						</Glyph>
						<Glyph ID="char_332" 
			       CONTENT="."
			       HPOS="368"
			       VPOS="765"
			       WIDTH="0"
			       HEIGHT="47"
			       GC="1.0">
						<Shape>
				<Polygon POINTS="368 765 368 812 368 812 368 765"/>
			</Shape>
						</Glyph>
					</String>
									<SP ID="segment_95"
		    HPOS="397" 
		    VPOS="754"
		    WIDTH="4" 
		    HEIGHT="58"/>
									<String ID="segment_96"
			CONTENT="Ie" 
			HPOS="409" 
			VPOS="754"
			WIDTH="21" 
			HEIGHT="58" 
			WC="1.0">
						<Shape>
				<Polygon POINTS="409 753 408 753 408 753 408 753 408 753 408 753 408 753 408 753 408 753 408 753 408 753 408 753 408 753 408 753 408 753 408 753 408 754 408 812 408 812 408 812 408 812 408 812 408 812 408 812 408 812 408 812 408 812 408 812 408 812 408 812 408 812 408 812 408 812 409 812 430 812 430 812 430 812 430 812 430 812 430 812 430 812 430 812 430 812 430 812 430 812 430 812 430 812 430 812 430 812 430 812 430 812 430 758 430 757 430 757 430 757 430 757 430 757 430 757 430 757 430 757 430 757 430 757 430 757 430 757 430 757 430 757 409 753 409 753 409 753"/>
			</Shape>
									<Glyph ID="char_334" 
			       CONTENT="I"
			       HPOS="409"
			       VPOS="754"
			       WIDTH="0"
			       HEIGHT="58"
			       GC="1.0">
						<Shape>
				<Polygon POINTS="409 754 409 812 409 812 409 754"/>
			</Shape>
						</Glyph>
						<Glyph ID="char_335" 
			       CONTENT="e"
			       HPOS="430"
			       VPOS="758"
			       WIDTH="0"
			       HEIGHT="54"
			       GC="1.0">
						<Shape>
				<Polygon POINTS="430 758 430 812 430 812 430 758"/>
			</Shape>
						</Glyph>
					</String>
									<SP ID="segment_97"
		    HPOS="451" 
		    VPOS="763"
		    WIDTH="4" 
		    HEIGHT="49"/>
									<String ID="segment_98"
			CONTENT="ne" 
			HPOS="463" 
			VPOS="758"
			WIDTH="25" 
			HEIGHT="54" 
			WC="0.998">
						<Shape>
				<Polygon POINTS="488 757 487 757 487 757 462 761 462 761 462 761 462 761 462 761 462 761 462 761 462 761 462 761 462 761 462 761 462 761 462 761 462 761 462 762 462 812 462 812 462 812 462 812 462 812 462 812 462 812 462 812 462 812 462 812 462 812 462 812 462 812 462 812 462 812 462 812 463 812 488 812 488 812 488 812 488 812 488 812 488 812 488 812 488 812 488 812 488 812 488 812 488 812 488 812 488 812 488 812 488 812 488 812 488 758 488 757 488 757 488 757 488 757 488 757 488 757 488 757 488 757 488 757 488 757 488 757 488 757 488 757 488 757 488 757 488 757"/>
			</Shape>
									<Glyph ID="char_337" 
			       CONTENT="n"
			       HPOS="463"
			       VPOS="762"
			       WIDTH="0"
			       HEIGHT="50"
			       GC="0.9972">
						<Shape>
				<Polygon POINTS="463 762 463 812 463 812 463 762"/>
			</Shape>
						</Glyph>
						<Glyph ID="char_338" 
			       CONTENT="e"
			       HPOS="488"
			       VPOS="758"
			       WIDTH="0"
			       HEIGHT="54"
			       GC="0.9989">
						<Shape>
				<Polygon POINTS="488 758 488 812 488 812 488 758"/>
			</Shape>
						</Glyph>
					</String>
									<SP ID="segment_99"
		    HPOS="513" 
		    VPOS="761"
		    WIDTH="0" 
		    HEIGHT="51"/>
									<String ID="segment_100"
			CONTENT="crains" 
			HPOS="522" 
			VPOS="757"
			WIDTH="108" 
			HEIGHT="55" 
			WC="0.967">
						<Shape>
				<Polygon POINTS="588 756 587 756 521 761 521 761 521 761 521 761 521 761 521 761 521 761 521 761 521 761 521 761 521 761 521 761 521 761 521 761 521 761 521 762 521 812 521 812 521 812 521 812 521 812 521 812 521 812 521 812 521 812 521 812 521 812 521 812 521 812 521 812 521 812 521 812 522 812 630 812 630 812 630 812 630 812 630 812 630 812 630 812 630 812 630 812 630 812 630 812 630 812 630 812 630 812 630 812 630 812 630 812 630 768 630 767 630 767 630 767 630 767 630 767 630 767 630 767 630 767 630 767 630 767 630 767 630 767 630 767 588 756 588 756 588 756 588 756"/>
			</Shape>
									<Glyph ID="char_340" 
			       CONTENT="c"
			       HPOS="522"
			       VPOS="762"
			       WIDTH="0"
			       HEIGHT="50"
			       GC="0.9999">
						<Shape>
				<Polygon POINTS="522 762 522 812 522 812 522 762"/>
			</Shape>
						</Glyph>
						<Glyph ID="char_341" 
			       CONTENT="r"
			       HPOS="546"
			       VPOS="764"
			       WIDTH="0"
			       HEIGHT="48"
			       GC="1.0">
						<Shape>
				<Polygon POINTS="546 764 546 812 546 812 546 764"/>
			</Shape>
						</Glyph>
						<Glyph ID="char_342" 
			       CONTENT="a"
			       HPOS="567"
			       VPOS="761"
			       WIDTH="0"
			       HEIGHT="51"
			       GC="1.0">
						<Shape>
				<Polygon POINTS="567 761 567 812 567 812 567 761"/>
			</Shape>
						</Glyph>
						<Glyph ID="char_343" 
			       CONTENT="i"
			       HPOS="588"
			       VPOS="757"
			       WIDTH="0"
			       HEIGHT="55"
			       GC="0.9975">
						<Shape>
				<Polygon POINTS="588 757 588 812 588 812 588 757"/>
			</Shape>
						</Glyph>
						<Glyph ID="char_344" 
			       CONTENT="n"
			       HPOS="605"
			       VPOS="762"
			       WIDTH="0"
			       HEIGHT="50"
			       GC="0.9997">
						<Shape>
				<Polygon POINTS="605 762 605 812 605 812 605 762"/>
			</Shape>
						</Glyph>
						<Glyph ID="char_345" 
			       CONTENT="s"
			       HPOS="630"
			       VPOS="768"
			       WIDTH="0"
			       HEIGHT="44"
			       GC="0.8052">
						<Shape>
				<Polygon POINTS="630 768 630 812 630 812 630 768"/>
			</Shape>
						</Glyph>
					</String>
									<SP ID="segment_101"
		    HPOS="646" 
		    VPOS="768"
		    WIDTH="4" 
		    HEIGHT="44"/>
									<String ID="segment_102"
			CONTENT="point" 
			HPOS="659" 
			VPOS="757"
			WIDTH="95" 
			HEIGHT="55" 
			WC="0.9987">
						<Shape>
				<Polygon POINTS="713 756 712 756 712 756 658 767 658 767 658 767 658 767 658 767 658 767 658 767 658 767 658 767 658 767 658 767 658 767 658 767 658 767 658 768 658 812 658 812 658 812 658 812 658 812 658 812 658 812 658 812 658 812 658 812 658 812 658 812 658 812 658 812 658 812 658 812 659 812 754 812 754 812 754 812 754 812 754 812 754 812 754 812 754 812 754 812 754 812 754 812 754 812 754 812 754 812 754 812 754 812 754 812 754 763 754 762 754 762 754 762 754 762 754 762 754 762 754 762 754 762 754 762 754 762 754 762 754 762 754 762 754 762 729 758 729 758 713 756 713 756"/>
			</Shape>
									<Glyph ID="char_347" 
			       CONTENT="p"
			       HPOS="659"
			       VPOS="768"
			       WIDTH="0"
			       HEIGHT="44"
			       GC="0.994">
						<Shape>
				<Polygon POINTS="659 768 659 812 659 812 659 768"/>
			</Shape>
						</Glyph>
						<Glyph ID="char_348" 
			       CONTENT="o"
			       HPOS="688"
			       VPOS="768"
			       WIDTH="0"
			       HEIGHT="44"
			       GC="0.9999">
						<Shape>
				<Polygon POINTS="688 768 688 812 688 812 688 768"/>
			</Shape>
						</Glyph>
						<Glyph ID="char_349" 
			       CONTENT="i"
			       HPOS="713"
			       VPOS="757"
			       WIDTH="0"
			       HEIGHT="55"
			       GC="0.9999">
						<Shape>
				<Polygon POINTS="713 757 713 812 713 812 713 757"/>
			</Shape>
						</Glyph>
						<Glyph ID="char_350" 
			       CONTENT="n"
			       HPOS="729"
			       VPOS="759"
			       WIDTH="0"
			       HEIGHT="53"
			       GC="0.9999">
						<Shape>
				<Polygon POINTS="729 759 729 812 729 812 729 759"/>
			</Shape>
						</Glyph>
						<Glyph ID="char_351" 
			       CONTENT="t"
			       HPOS="754"
			       VPOS="763"
			       WIDTH="0"
			       HEIGHT="49"
			       GC="0.9998">
						<Shape>
				<Polygon POINTS="754 763 754 812 754 812 754 763"/>
			</Shape>
						</Glyph>
					</String>
				</TextLine>
										<TextLine ID="line_13"
	  HPOS="83"
	  VPOS="808" 
	  WIDTH="685" 
	  HEIGHT="67"	  BASELINE="84 849 768 857"
	                                          TAGREFS="TYPE_1"                                                                                                                                  >
			<Shape>
			<Polygon POINTS="84 849 83 862 93 869 94 869 95 869 97 869 196 861 200 861 201 861 234 871 236 871 237 871 239 871 263 864 283 871 284 871 286 871 410 867 488 864 494 868 499 872 499 874 501 874 502 874 504 874 551 869 611 865 634 872 642 875 644 875 645 875 647 875 657 872 684 867 766 875 768 857 767 812 631 812 630 812 628 812 627 812 617 819 607 812 605 811 604 811 602 811 601 811 599 811 595 812 567 819 478 819 472 812 469 811 469 809 468 809 466 809 465 809 448 812 419 818 396 812 390 811 389 811 388 811 386 811 379 812 363 817 359 812 357 809 356 809 356 808 355 808 353 808 352 808 350 808 349 808 342 812 333 817 84 814 84 849"/>
		</Shape>
	        							<String ID="segment_103"
			CONTENT="que" 
			HPOS="84" 
			VPOS="814"
			WIDTH="66" 
			HEIGHT="53" 
			WC="0.9994">
						<Shape>
				<Polygon POINTS="124 813 123 813 123 813 123 813 123 813 123 813 123 813 123 813 83 848 83 848 83 848 83 848 83 848 83 848 83 848 83 848 83 848 83 849 83 849 83 849 83 849 83 849 83 849 83 849 83 849 83 849 83 849 83 849 83 849 83 849 123 867 123 867 123 867 123 867 124 867 124 867 150 865 150 865 150 865 150 865 150 865 150 865 150 865 150 865 150 865 150 865 150 865 150 865 150 865 150 865 150 865 150 865 150 815 150 814 150 814 150 814 150 814 150 814 150 814 150 814 150 814 150 814 150 814 150 814 150 814 150 814 150 814 150 814 150 814 124 813"/>
			</Shape>
									<Glyph ID="char_352" 
			       CONTENT="q"
			       HPOS="84"
			       VPOS="849"
			       WIDTH="0"
			       HEIGHT="0"
			       GC="0.9984">
						<Shape>
				<Polygon POINTS="84 849 84 849 84 849 84 849"/>
			</Shape>
						</Glyph>
						<Glyph ID="char_353" 
			       CONTENT="u"
			       HPOS="124"
			       VPOS="814"
			       WIDTH="0"
			       HEIGHT="53"
			       GC="1.0">
						<Shape>
				<Polygon POINTS="124 814 124 867 124 867 124 814"/>
			</Shape>
						</Glyph>
						<Glyph ID="char_354" 
			       CONTENT="e"
			       HPOS="150"
			       VPOS="815"
			       WIDTH="0"
			       HEIGHT="50"
			       GC="1.0">
						<Shape>
				<Polygon POINTS="150 815 150 865 150 865 150 815"/>
			</Shape>
						</Glyph>
					</String>
									<SP ID="segment_104"
		    HPOS="177" 
		    VPOS="815"
		    WIDTH="4" 
		    HEIGHT="48"/>
									<String ID="segment_105"
			CONTENT="ceux" 
			HPOS="190" 
			VPOS="815"
			WIDTH="75" 
			HEIGHT="56" 
			WC="1.0">
						<Shape>
				<Polygon POINTS="190 814 189 814 189 814 189 814 189 814 189 814 189 814 189 814 189 814 189 814 189 814 189 814 189 814 189 814 189 814 189 814 189 815 189 861 189 861 189 861 189 861 189 861 189 861 189 861 189 861 189 861 189 861 189 861 189 861 189 861 189 861 189 861 234 871 234 871 235 871 235 871 235 871 265 865 265 865 265 865 265 865 265 865 265 865 265 865 265 865 265 865 265 865 265 865 265 865 265 865 265 865 265 865 265 816 265 815 265 815 265 815 265 815 265 815 265 815 265 815 265 815 265 815 265 815 265 815 265 815 265 815 265 815 265 815 265 815 190 814"/>
			</Shape>
									<Glyph ID="char_356" 
			       CONTENT="c"
			       HPOS="190"
			       VPOS="815"
			       WIDTH="0"
			       HEIGHT="46"
			       GC="1.0">
						<Shape>
				<Polygon POINTS="190 815 190 861 190 861 190 815"/>
			</Shape>
						</Glyph>
						<Glyph ID="char_357" 
			       CONTENT="e"
			       HPOS="212"
			       VPOS="816"
			       WIDTH="0"
			       HEIGHT="48"
			       GC="1.0">
						<Shape>
				<Polygon POINTS="212 816 212 864 212 864 212 816"/>
			</Shape>
						</Glyph>
						<Glyph ID="char_358" 
			       CONTENT="u"
			       HPOS="235"
			       VPOS="816"
			       WIDTH="0"
			       HEIGHT="55"
			       GC="1.0">
						<Shape>
				<Polygon POINTS="235 816 235 871 235 871 235 816"/>
			</Shape>
						</Glyph>
						<Glyph ID="char_359" 
			       CONTENT="x"
			       HPOS="265"
			       VPOS="816"
			       WIDTH="0"
			       HEIGHT="49"
			       GC="1.0">
						<Shape>
				<Polygon POINTS="265 816 265 865 265 865 265 816"/>
			</Shape>
						</Glyph>
					</String>
									<SP ID="segment_106"
		    HPOS="288" 
		    VPOS="816"
		    WIDTH="4" 
		    HEIGHT="55"/>
									<String ID="segment_107"
			CONTENT="qui" 
			HPOS="296" 
			VPOS="808"
			WIDTH="58" 
			HEIGHT="63" 
			WC="0.9731">
						<Shape>
				<Polygon POINTS="354 807 353 807 353 807 295 816 295 816 295 816 295 816 295 816 295 816 295 816 295 816 295 816 295 816 295 816 295 816 295 816 295 816 295 817 295 871 295 871 295 871 295 871 295 871 295 871 295 871 295 871 295 871 295 871 295 871 295 871 295 871 295 871 295 871 295 871 296 871 354 869 354 869 354 869 354 869 354 869 354 869 354 869 354 869 354 869 354 869 354 869 354 869 354 869 354 869 354 869 354 869 354 869 354 808 354 807 354 807 354 807 354 807 354 807 354 807 354 807 354 807 354 807 354 807 354 807 354 807 354 807 354 807 354 807 354 807"/>
			</Shape>
									<Glyph ID="char_361" 
			       CONTENT="q"
			       HPOS="296"
			       VPOS="817"
			       WIDTH="0"
			       HEIGHT="54"
			       GC="0.9968">
						<Shape>
				<Polygon POINTS="296 817 296 871 296 871 296 817"/>
			</Shape>
						</Glyph>
						<Glyph ID="char_362" 
			       CONTENT="u"
			       HPOS="323"
			       VPOS="817"
			       WIDTH="0"
			       HEIGHT="53"
			       GC="0.9224">
						<Shape>
				<Polygon POINTS="323 817 323 870 323 870 323 817"/>
			</Shape>
						</Glyph>
						<Glyph ID="char_363" 
			       CONTENT="i"
			       HPOS="354"
			       VPOS="808"
			       WIDTH="0"
			       HEIGHT="61"
			       GC="1.0">
						<Shape>
				<Polygon POINTS="354 808 354 869 354 869 354 808"/>
			</Shape>
						</Glyph>
					</String>
									<SP ID="segment_108"
		    HPOS="363" 
		    VPOS="816"
		    WIDTH="4" 
		    HEIGHT="53"/>
									<String ID="segment_109"
			CONTENT="aurõt" 
			HPOS="376" 
			VPOS="810"
			WIDTH="97" 
			HEIGHT="58" 
			WC="0.9995">
						<Shape>
				<Polygon POINTS="460 810 376 812 375 812 375 812 375 812 375 812 375 812 375 812 375 812 375 812 375 812 375 812 375 812 375 812 375 812 375 812 375 812 375 813 375 868 375 868 375 868 375 868 375 868 375 868 375 868 375 868 375 868 375 868 375 868 375 868 375 868 375 868 375 868 375 868 376 868 447 866 473 865 473 865 473 865 473 865 473 865 473 865 473 865 473 865 473 865 473 865 473 865 473 865 473 865 473 865 473 865 473 865 473 865 473 814 473 813 473 813 473 813 473 813 473 813 473 813 473 813 473 813 473 813 473 813 473 813 473 813 473 813 460 810"/>
			</Shape>
									<Glyph ID="char_365" 
			       CONTENT="a"
			       HPOS="376"
			       VPOS="813"
			       WIDTH="0"
			       HEIGHT="55"
			       GC="0.9978">
						<Shape>
				<Polygon POINTS="376 813 376 868 376 868 376 813"/>
			</Shape>
						</Glyph>
						<Glyph ID="char_366" 
			       CONTENT="u"
			       HPOS="398"
			       VPOS="813"
			       WIDTH="0"
			       HEIGHT="54"
			       GC="0.9999">
						<Shape>
				<Polygon POINTS="398 813 398 867 398 867 398 813"/>
			</Shape>
						</Glyph>
						<Glyph ID="char_367" 
			       CONTENT="r"
			       HPOS="429"
			       VPOS="816"
			       WIDTH="0"
			       HEIGHT="50"
			       GC="0.9998">
						<Shape>
				<Polygon POINTS="429 816 429 866 429 866 429 816"/>
			</Shape>
						</Glyph>
						<Glyph ID="char_368" 
			       CONTENT="o"
			       HPOS="447"
			       VPOS="812"
			       WIDTH="0"
			       HEIGHT="54"
			       GC="0.9994">
						<Shape>
				<Polygon POINTS="447 812 447 866 447 866 447 812"/>
			</Shape>
						</Glyph>
						<Glyph ID="char_369" 
			       CONTENT="̃"
			       HPOS="456"
			       VPOS="810"
			       WIDTH="4"
			       HEIGHT="55"
			       GC="1.0">
						<Shape>
				<Polygon POINTS="456 811 456 865 460 865 460 810"/>
			</Shape>
						</Glyph>
						<Glyph ID="char_370" 
			       CONTENT="t"
			       HPOS="473"
			       VPOS="814"
			       WIDTH="0"
			       HEIGHT="51"
			       GC="1.0">
						<Shape>
				<Polygon POINTS="473 814 473 865 473 865 473 814"/>
			</Shape>
						</Glyph>
					</String>
									<SP ID="segment_110"
		    HPOS="487" 
		    VPOS="819"
		    WIDTH="4" 
		    HEIGHT="47"/>
									<String ID="segment_111"
			CONTENT="approché" 
			HPOS="500" 
			VPOS="811"
			WIDTH="190" 
			HEIGHT="64" 
			WC="0.9481">
						<Shape>
				<Polygon POINTS="597 810 596 810 499 818 499 818 499 818 499 818 499 818 499 818 499 818 499 818 499 818 499 818 499 818 499 818 499 818 499 818 499 818 499 819 499 874 499 874 499 874 499 874 499 874 499 874 499 874 499 874 499 874 499 874 499 874 499 874 499 874 499 874 499 874 499 874 500 874 646 875 646 875 646 875 690 868 690 812 597 810"/>
			</Shape>
									<Glyph ID="char_372" 
			       CONTENT="a"
			       HPOS="500"
			       VPOS="819"
			       WIDTH="0"
			       HEIGHT="55"
			       GC="1.0">
						<Shape>
				<Polygon POINTS="500 819 500 874 500 874 500 819"/>
			</Shape>
						</Glyph>
						<Glyph ID="char_373" 
			       CONTENT="p"
			       HPOS="522"
			       VPOS="819"
			       WIDTH="0"
			       HEIGHT="53"
			       GC="1.0">
						<Shape>
				<Polygon POINTS="522 819 522 872 522 872 522 819"/>
			</Shape>
						</Glyph>
						<Glyph ID="char_374" 
			       CONTENT="p"
			       HPOS="549"
			       VPOS="819"
			       WIDTH="4"
			       HEIGHT="50"
			       GC="1.0">
						<Shape>
				<Polygon POINTS="549 819 549 869 553 869 553 819"/>
			</Shape>
						</Glyph>
						<Glyph ID="char_375" 
			       CONTENT="r"
			       HPOS="580"
			       VPOS="816"
			       WIDTH="0"
			       HEIGHT="51"
			       GC="0.5399">
						<Shape>
				<Polygon POINTS="580 816 580 867 580 867 580 816"/>
			</Shape>
						</Glyph>
						<Glyph ID="char_376" 
			       CONTENT="o"
			       HPOS="597"
			       VPOS="811"
			       WIDTH="0"
			       HEIGHT="55"
			       GC="0.9958">
						<Shape>
				<Polygon POINTS="597 811 597 866 597 866 597 811"/>
			</Shape>
						</Glyph>
						<Glyph ID="char_377" 
			       CONTENT="c"
			       HPOS="624"
			       VPOS="814"
			       WIDTH="0"
			       HEIGHT="55"
			       GC="0.9977">
						<Shape>
				<Polygon POINTS="624 814 624 869 624 869 624 814"/>
			</Shape>
						</Glyph>
						<Glyph ID="char_378" 
			       CONTENT="h"
			       HPOS="646"
			       VPOS="812"
			       WIDTH="0"
			       HEIGHT="63"
			       GC="0.9999">
						<Shape>
				<Polygon POINTS="646 812 646 875 646 875 646 812"/>
			</Shape>
						</Glyph>
						<Glyph ID="char_379" 
			       CONTENT="e"
			       HPOS="677"
			       VPOS="812"
			       WIDTH="4"
			       HEIGHT="56"
			       GC="0.9999">
						<Shape>
				<Polygon POINTS="677 812 677 868 681 868 681 812"/>
			</Shape>
						</Glyph>
						<Glyph ID="char_380" 
			       CONTENT="́"
			       HPOS="686"
			       VPOS="812"
			       WIDTH="4"
			       HEIGHT="56"
			       GC="0.9999">
						<Shape>
				<Polygon POINTS="686 812 686 867 690 868 690 812"/>
			</Shape>
						</Glyph>
					</String>
									<SP ID="segment_112"
		    HPOS="699" 
		    VPOS="812"
		    WIDTH="0" 
		    HEIGHT="56"/>
									<String ID="segment_113"
			CONTENT="des" 
			HPOS="708" 
			VPOS="812"
			WIDTH="53" 
			HEIGHT="62" 
			WC="0.9995">
						<Shape>
				<Polygon POINTS="708 811 707 811 707 811 707 811 707 811 707 811 707 811 707 811 707 811 707 811 707 811 707 811 707 811 707 811 707 811 707 811 707 812 707 869 707 869 707 869 707 869 707 869 707 869 707 869 707 869 707 869 707 869 707 869 707 869 707 869 707 869 707 869 707 869 734 872 760 874 761 874 761 874 761 874 761 874 761 874 761 874 761 874 761 874 761 874 761 874 761 874 761 874 761 874 761 874 761 874 761 874 761 874 761 812 761 811 761 811 761 811 761 811 761 811 761 811 761 811 761 811 761 811 761 811 761 811 761 811 761 811 761 811 761 811 761 811 708 811"/>
			</Shape>
									<Glyph ID="char_382" 
			       CONTENT="d"
			       HPOS="708"
			       VPOS="812"
			       WIDTH="0"
			       HEIGHT="57"
			       GC="0.9994">
						<Shape>
				<Polygon POINTS="708 812 708 869 708 869 708 812"/>
			</Shape>
						</Glyph>
						<Glyph ID="char_383" 
			       CONTENT="e"
			       HPOS="735"
			       VPOS="812"
			       WIDTH="0"
			       HEIGHT="60"
			       GC="0.9996">
						<Shape>
				<Polygon POINTS="735 812 735 872 735 872 735 812"/>
			</Shape>
						</Glyph>
						<Glyph ID="char_384" 
			       CONTENT="s"
			       HPOS="761"
			       VPOS="812"
			       WIDTH="0"
			       HEIGHT="62"
			       GC="0.9995">
						<Shape>
				<Polygon POINTS="761 812 761 874 761 874 761 812"/>
			</Shape>
						</Glyph>
					</String>
				</TextLine>
										<TextLine ID="line_14"
	  HPOS="80"
	  VPOS="862" 
	  WIDTH="688" 
	  HEIGHT="66"	  BASELINE="81 904 768 910"
	                                          TAGREFS="TYPE_1"                                                                                                                                  >
			<Shape>
			<Polygon POINTS="81 904 80 914 120 924 121 924 239 917 263 924 264 924 266 924 375 918 386 925 388 925 389 925 390 925 471 920 601 928 602 928 695 921 743 928 744 928 746 928 767 920 768 910 768 877 714 868 713 868 711 868 683 875 677 877 674 875 661 867 660 867 658 867 657 867 620 875 612 877 609 875 599 867 599 865 598 865 597 865 558 865 557 865 555 865 554 865 554 867 544 875 542 875 539 875 494 865 492 865 406 874 402 874 400 874 389 864 388 864 386 864 385 864 345 874 340 875 292 875 289 874 276 864 274 864 273 864 272 864 270 864 240 872 240 874 134 874 133 872 120 862 118 862 117 862 115 862 114 862 81 871 81 904"/>
		</Shape>
	        							<String ID="segment_114"
			CONTENT="rayons" 
			HPOS="94" 
			VPOS="862"
			WIDTH="126" 
			HEIGHT="61" 
			WC="1.0">
						<Shape>
				<Polygon POINTS="116 861 115 861 115 861 115 861 94 867 94 917 115 923 115 923 115 923 116 923 137 923 163 922 163 922 220 918 220 918 220 918 220 918 220 918 220 918 220 918 220 918 220 918 220 918 220 918 220 918 220 918 220 918 220 918 220 918 220 874 220 873 220 873 220 873 220 873 220 873 220 873 220 873 220 873 220 873 220 873 220 873 220 873 220 873 220 873 220 873 116 861 116 861"/>
			</Shape>
									<Glyph ID="char_385" 
			       CONTENT="r"
			       HPOS="94"
			       VPOS="866"
			       WIDTH="4"
			       HEIGHT="52"
			       GC="1.0">
						<Shape>
				<Polygon POINTS="94 867 94 917 98 918 98 866"/>
			</Shape>
						</Glyph>
						<Glyph ID="char_386" 
			       CONTENT="a"
			       HPOS="116"
			       VPOS="862"
			       WIDTH="0"
			       HEIGHT="61"
			       GC="1.0">
						<Shape>
				<Polygon POINTS="116 862 116 923 116 923 116 862"/>
			</Shape>
						</Glyph>
						<Glyph ID="char_387" 
			       CONTENT="y"
			       HPOS="137"
			       VPOS="874"
			       WIDTH="0"
			       HEIGHT="49"
			       GC="1.0">
						<Shape>
				<Polygon POINTS="137 874 137 923 137 923 137 874"/>
			</Shape>
						</Glyph>
						<Glyph ID="char_388" 
			       CONTENT="o"
			       HPOS="163"
			       VPOS="874"
			       WIDTH="0"
			       HEIGHT="48"
			       GC="1.0">
						<Shape>
				<Polygon POINTS="163 874 163 922 163 922 163 874"/>
			</Shape>
						</Glyph>
						<Glyph ID="char_389" 
			       CONTENT="n"
			       HPOS="189"
			       VPOS="874"
			       WIDTH="0"
			       HEIGHT="46"
			       GC="0.9998">
						<Shape>
				<Polygon POINTS="189 874 189 920 189 920 189 874"/>
			</Shape>
						</Glyph>
						<Glyph ID="char_390" 
			       CONTENT="s"
			       HPOS="220"
			       VPOS="874"
			       WIDTH="0"
			       HEIGHT="44"
			       GC="1.0">
						<Shape>
				<Polygon POINTS="220 874 220 918 220 918 220 874"/>
			</Shape>
						</Glyph>
					</String>
									<SP ID="segment_115"
		    HPOS="241" 
		    VPOS="870"
		    WIDTH="5" 
		    HEIGHT="49"/>
									<String ID="segment_116"
			CONTENT="de" 
			HPOS="254" 
			VPOS="868"
			WIDTH="31" 
			HEIGHT="55" 
			WC="0.9965">
						<Shape>
				<Polygon POINTS="254 867 253 867 253 867 253 867 253 867 253 867 253 867 253 867 253 867 253 867 253 867 253 867 253 867 253 867 253 867 253 867 253 868 253 921 253 921 253 921 253 921 253 921 253 921 253 921 253 921 253 921 253 921 253 921 253 921 253 921 253 921 253 921 253 921 284 923 285 923 285 923 285 923 285 923 285 923 285 923 285 923 285 923 285 923 285 923 285 923 285 923 285 923 285 923 285 923 285 923 285 923 285 871 285 870 285 870 285 870 285 870 285 870 285 870 285 870 285 870 285 870 285 870 285 870 285 870 285 870 285 870 285 870 254 867 254 867"/>
			</Shape>
									<Glyph ID="char_392" 
			       CONTENT="d"
			       HPOS="254"
			       VPOS="868"
			       WIDTH="0"
			       HEIGHT="53"
			       GC="0.9931">
						<Shape>
				<Polygon POINTS="254 868 254 921 254 921 254 868"/>
			</Shape>
						</Glyph>
						<Glyph ID="char_393" 
			       CONTENT="e"
			       HPOS="285"
			       VPOS="871"
			       WIDTH="0"
			       HEIGHT="52"
			       GC="1.0">
						<Shape>
				<Polygon POINTS="285 871 285 923 285 923 285 871"/>
			</Shape>
						</Glyph>
					</String>
									<SP ID="segment_117"
		    HPOS="302" 
		    VPOS="875"
		    WIDTH="4" 
		    HEIGHT="47"/>
									<String ID="segment_118"
			CONTENT="voſtre" 
			HPOS="315" 
			VPOS="865"
			WIDTH="104" 
			HEIGHT="59" 
			WC="0.9943">
						<Shape>
				<Polygon POINTS="380 864 379 864 379 864 314 874 314 874 314 874 314 874 314 874 314 874 314 874 314 874 314 874 314 874 314 874 314 874 314 874 314 874 314 875 314 921 314 921 314 921 314 921 314 921 314 921 314 921 314 921 314 921 314 921 314 921 314 921 314 921 314 921 314 921 314 921 315 921 402 924 402 924 419 923 419 923 419 923 419 923 419 923 419 923 419 923 419 923 419 923 419 923 419 923 419 923 419 923 419 923 419 923 419 923 419 873 419 872 419 872 419 872 419 872 419 872 419 872 419 872 419 872 419 872 419 872 419 872 419 872 419 872 419 872 380 864 380 864 380 864"/>
			</Shape>
									<Glyph ID="char_395" 
			       CONTENT="v"
			       HPOS="315"
			       VPOS="875"
			       WIDTH="0"
			       HEIGHT="46"
			       GC="0.9995">
						<Shape>
				<Polygon POINTS="315 875 315 921 315 921 315 875"/>
			</Shape>
						</Glyph>
						<Glyph ID="char_396" 
			       CONTENT="o"
			       HPOS="341"
			       VPOS="875"
			       WIDTH="0"
			       HEIGHT="45"
			       GC="0.9942">
						<Shape>
				<Polygon POINTS="341 875 341 920 341 920 341 875"/>
			</Shape>
						</Glyph>
						<Glyph ID="char_397" 
			       CONTENT="ſ"
			       HPOS="367"
			       VPOS="868"
			       WIDTH="0"
			       HEIGHT="50"
			       GC="1.0">
						<Shape>
				<Polygon POINTS="367 868 367 918 367 918 367 868"/>
			</Shape>
						</Glyph>
						<Glyph ID="char_398" 
			       CONTENT="t"
			       HPOS="380"
			       VPOS="865"
			       WIDTH="0"
			       HEIGHT="56"
			       GC="1.0">
						<Shape>
				<Polygon POINTS="380 865 380 921 380 921 380 865"/>
			</Shape>
						</Glyph>
						<Glyph ID="char_399" 
			       CONTENT="r"
			       HPOS="402"
			       VPOS="874"
			       WIDTH="0"
			       HEIGHT="50"
			       GC="0.9933">
						<Shape>
				<Polygon POINTS="402 874 402 924 402 924 402 874"/>
			</Shape>
						</Glyph>
						<Glyph ID="char_400" 
			       CONTENT="e"
			       HPOS="419"
			       VPOS="873"
			       WIDTH="0"
			       HEIGHT="50"
			       GC="0.9789">
						<Shape>
				<Polygon POINTS="419 873 419 923 419 923 419 873"/>
			</Shape>
						</Glyph>
					</String>
									<SP ID="segment_119"
		    HPOS="441" 
		    VPOS="870"
		    WIDTH="4" 
		    HEIGHT="52"/>
									<String ID="segment_120"
			CONTENT="Maieſté," 
			HPOS="449" 
			VPOS="865"
			WIDTH="174" 
			HEIGHT="63" 
			WC="0.9985">
						<Shape>
				<Polygon POINTS="558 864 501 866 449 869 449 921 600 928 601 928 601 928 618 927 623 926 623 874 597 865 571 864 558 864"/>
			</Shape>
									<Glyph ID="char_402" 
			       CONTENT="M"
			       HPOS="449"
			       VPOS="869"
			       WIDTH="5"
			       HEIGHT="52"
			       GC="1.0">
						<Shape>
				<Polygon POINTS="449 869 449 921 454 921 454 869"/>
			</Shape>
						</Glyph>
						<Glyph ID="char_403" 
			       CONTENT="a"
			       HPOS="501"
			       VPOS="867"
			       WIDTH="0"
			       HEIGHT="55"
			       GC="1.0">
						<Shape>
				<Polygon POINTS="501 867 501 922 501 922 501 867"/>
			</Shape>
						</Glyph>
						<Glyph ID="char_404" 
			       CONTENT="i"
			       HPOS="523"
			       VPOS="872"
			       WIDTH="0"
			       HEIGHT="51"
			       GC="1.0">
						<Shape>
				<Polygon POINTS="523 872 523 923 523 923 523 872"/>
			</Shape>
						</Glyph>
						<Glyph ID="char_405" 
			       CONTENT="e"
			       HPOS="536"
			       VPOS="874"
			       WIDTH="0"
			       HEIGHT="50"
			       GC="1.0">
						<Shape>
				<Polygon POINTS="536 874 536 924 536 924 536 874"/>
			</Shape>
						</Glyph>
						<Glyph ID="char_406" 
			       CONTENT="ſ"
			       HPOS="558"
			       VPOS="865"
			       WIDTH="0"
			       HEIGHT="60"
			       GC="1.0">
						<Shape>
				<Polygon POINTS="558 865 558 925 558 925 558 865"/>
			</Shape>
						</Glyph>
						<Glyph ID="char_407" 
			       CONTENT="t"
			       HPOS="571"
			       VPOS="865"
			       WIDTH="0"
			       HEIGHT="61"
			       GC="1.0">
						<Shape>
				<Polygon POINTS="571 865 571 926 571 926 571 865"/>
			</Shape>
						</Glyph>
						<Glyph ID="char_408" 
			       CONTENT="e"
			       HPOS="592"
			       VPOS="865"
			       WIDTH="5"
			       HEIGHT="63"
			       GC="0.9998">
						<Shape>
				<Polygon POINTS="592 865 592 927 597 928 597 865"/>
			</Shape>
						</Glyph>
						<Glyph ID="char_409" 
			       CONTENT="́"
			       HPOS="601"
			       VPOS="869"
			       WIDTH="0"
			       HEIGHT="59"
			       GC="0.9945">
						<Shape>
				<Polygon POINTS="601 869 601 928 601 928 601 869"/>
			</Shape>
						</Glyph>
						<Glyph ID="char_410" 
			       CONTENT=","
			       HPOS="618"
			       VPOS="874"
			       WIDTH="5"
			       HEIGHT="53"
			       GC="0.992">
						<Shape>
				<Polygon POINTS="618 875 618 927 623 926 623 874"/>
			</Shape>
						</Glyph>
					</String>
									<SP ID="segment_121"
		    HPOS="631" 
		    VPOS="871"
		    WIDTH="5" 
		    HEIGHT="55"/>
									<String ID="segment_122"
			CONTENT="me" 
			HPOS="644" 
			VPOS="870"
			WIDTH="44" 
			HEIGHT="55" 
			WC="0.9998">
						<Shape>
				<Polygon POINTS="644 869 643 869 643 869 643 869 643 869 643 869 643 869 643 869 643 869 643 869 643 869 643 869 643 869 643 869 643 869 643 869 643 870 643 925 643 925 643 925 643 925 643 925 643 925 643 925 643 925 643 925 643 925 643 925 643 925 643 925 643 925 643 925 643 925 644 925 644 925 688 922 688 922 688 922 688 922 688 922 688 922 688 922 688 922 688 922 688 922 688 922 688 922 688 922 688 922 688 922 688 922 688 874 688 873 688 873 688 873 688 873 688 873 688 873 688 873 688 873 688 873 688 873 688 873 688 873 688 873 688 873 688 873 644 869 644 869"/>
			</Shape>
									<Glyph ID="char_412" 
			       CONTENT="m"
			       HPOS="644"
			       VPOS="870"
			       WIDTH="0"
			       HEIGHT="55"
			       GC="0.9999">
						<Shape>
				<Polygon POINTS="644 870 644 925 644 925 644 870"/>
			</Shape>
						</Glyph>
						<Glyph ID="char_413" 
			       CONTENT="e"
			       HPOS="688"
			       VPOS="874"
			       WIDTH="0"
			       HEIGHT="48"
			       GC="0.9998">
						<Shape>
				<Polygon POINTS="688 874 688 922 688 922 688 874"/>
			</Shape>
						</Glyph>
					</String>
									<SP ID="segment_123"
		    HPOS="705" 
		    VPOS="868"
		    WIDTH="4" 
		    HEIGHT="55"/>
									<String ID="segment_124"
			CONTENT="iu¬" 
			HPOS="714" 
			VPOS="868"
			WIDTH="54" 
			HEIGHT="58" 
			WC="0.9994">
						<Shape>
				<Polygon POINTS="714 868 714 924 730 926 731 926 731 926 731 926 731 926 731 926 768 910 768 910 768 910 768 910 768 910 768 910 768 910 768 910 768 910 768 910 768 910 768 910 768 910 768 909 768 909 768 909 768 909 768 909 768 909 768 909 768 909 731 870 731 870 731 870 731 870 731 870 731 870 731 870 731 870 714 868"/>
			</Shape>
									<Glyph ID="char_415" 
			       CONTENT="i"
			       HPOS="714"
			       VPOS="868"
			       WIDTH="4"
			       HEIGHT="56"
			       GC="1.0">
						<Shape>
				<Polygon POINTS="714 868 714 924 718 924 718 869"/>
			</Shape>
						</Glyph>
						<Glyph ID="char_416" 
			       CONTENT="u"
			       HPOS="731"
			       VPOS="871"
			       WIDTH="0"
			       HEIGHT="55"
			       GC="0.9995">
						<Shape>
				<Polygon POINTS="731 871 731 926 731 926 731 871"/>
			</Shape>
						</Glyph>
						<Glyph ID="char_417" 
			       CONTENT="¬"
			       HPOS="768"
			       VPOS="910"
			       WIDTH="0"
			       HEIGHT="0"
			       GC="0.9988">
						<Shape>
				<Polygon POINTS="768 910 768 910 768 910 768 910"/>
			</Shape>
						</Glyph>
					</String>
				</TextLine>
										<TextLine ID="line_15"
	  HPOS="83"
	  VPOS="920" 
	  WIDTH="685" 
	  HEIGHT="65"	  BASELINE="84 964 768 968"
	                                          TAGREFS="TYPE_1"                                                                                                                                  >
			<Shape>
			<Polygon POINTS="84 964 83 980 148 974 171 981 177 982 178 982 180 982 193 981 223 975 250 980 263 982 264 982 266 982 273 980 292 974 303 980 310 984 312 984 313 984 350 980 383 975 406 980 436 984 438 984 463 978 479 975 488 978 504 984 505 984 506 984 559 978 595 985 597 985 598 985 599 985 609 977 612 977 641 985 642 985 644 985 645 985 667 977 678 985 680 985 681 985 683 985 684 985 698 978 727 985 728 985 730 985 731 985 767 975 768 968 768 932 734 922 733 922 731 922 697 930 678 922 677 922 675 922 674 922 672 922 672 924 664 931 664 932 568 932 564 930 541 921 539 921 538 921 502 930 499 930 495 930 465 921 463 921 462 921 461 921 438 928 436 928 413 921 412 921 410 921 409 921 408 921 408 922 400 928 399 930 380 928 306 920 304 920 303 920 302 920 296 925 289 920 287 920 286 920 284 920 283 920 282 920 270 927 269 928 219 928 213 925 197 920 196 920 194 920 193 920 170 925 157 928 84 925 84 964"/>
		</Shape>
	        							<String ID="segment_125"
			CONTENT="gent" 
			HPOS="84" 
			VPOS="924"
			WIDTH="89" 
			HEIGHT="57" 
			WC="0.9903">
						<Shape>
				<Polygon POINTS="173 923 172 923 123 926 123 926 123 926 123 926 123 926 123 926 123 926 123 926 83 963 83 963 83 963 83 963 83 963 83 963 83 963 83 963 83 964 83 964 83 964 83 964 83 964 83 964 83 964 83 964 83 964 83 964 83 964 83 964 83 964 83 964 123 976 123 976 123 976 172 981 173 981 173 981 173 981 173 981 173 981 173 981 173 981 173 981 173 981 173 981 173 981 173 981 173 981 173 981 173 981 173 981 173 981 173 924 173 923 173 923 173 923 173 923 173 923 173 923 173 923 173 923 173 923 173 923 173 923 173 923 173 923 173 923 173 923 173 923"/>
			</Shape>
									<Glyph ID="char_418" 
			       CONTENT="g"
			       HPOS="84"
			       VPOS="964"
			       WIDTH="0"
			       HEIGHT="0"
			       GC="0.9626">
						<Shape>
				<Polygon POINTS="84 964 84 964 84 964 84 964"/>
			</Shape>
						</Glyph>
						<Glyph ID="char_419" 
			       CONTENT="e"
			       HPOS="124"
			       VPOS="927"
			       WIDTH="0"
			       HEIGHT="49"
			       GC="0.9999">
						<Shape>
				<Polygon POINTS="124 927 124 976 124 976 124 927"/>
			</Shape>
						</Glyph>
						<Glyph ID="char_420" 
			       CONTENT="n"
			       HPOS="146"
			       VPOS="928"
			       WIDTH="0"
			       HEIGHT="46"
			       GC="1.0">
						<Shape>
				<Polygon POINTS="146 928 146 974 146 974 146 928"/>
			</Shape>
						</Glyph>
						<Glyph ID="char_421" 
			       CONTENT="t"
			       HPOS="173"
			       VPOS="924"
			       WIDTH="0"
			       HEIGHT="57"
			       GC="0.9987">
						<Shape>
				<Polygon POINTS="173 924 173 981 173 981 173 924"/>
			</Shape>
						</Glyph>
					</String>
									<SP ID="segment_126"
		    HPOS="190" 
		    VPOS="920"
		    WIDTH="5" 
		    HEIGHT="61"/>
									<String ID="segment_127"
			CONTENT="pour" 
			HPOS="199" 
			VPOS="920"
			WIDTH="84" 
			HEIGHT="61" 
			WC="0.9957">
						<Shape>
				<Polygon POINTS="283 919 199 920 198 920 198 920 198 920 198 920 198 920 198 920 198 920 198 920 198 920 198 920 198 920 198 920 198 920 198 920 198 920 198 921 198 980 198 980 198 980 198 980 198 980 198 980 198 980 198 980 198 980 198 980 198 980 198 980 198 980 198 980 198 980 198 980 199 980 257 981 257 981 257 981 283 977 283 977 283 977 283 977 283 977 283 977 283 977 283 977 283 977 283 977 283 977 283 977 283 977 283 977 283 977 283 920 283 919 283 919 283 919 283 919 283 919 283 919 283 919 283 919 283 919 283 919 283 919 283 919 283 919 283 919 283 919 283 919"/>
			</Shape>
									<Glyph ID="char_423" 
			       CONTENT="p"
			       HPOS="199"
			       VPOS="921"
			       WIDTH="0"
			       HEIGHT="59"
			       GC="0.987">
						<Shape>
				<Polygon POINTS="199 921 199 980 199 980 199 921"/>
			</Shape>
						</Glyph>
						<Glyph ID="char_424" 
			       CONTENT="o"
			       HPOS="230"
			       VPOS="928"
			       WIDTH="0"
			       HEIGHT="48"
			       GC="1.0">
						<Shape>
				<Polygon POINTS="230 928 230 976 230 976 230 928"/>
			</Shape>
						</Glyph>
						<Glyph ID="char_425" 
			       CONTENT="u"
			       HPOS="257"
			       VPOS="928"
			       WIDTH="0"
			       HEIGHT="53"
			       GC="0.9957">
						<Shape>
				<Polygon POINTS="257 928 257 981 257 981 257 928"/>
			</Shape>
						</Glyph>
						<Glyph ID="char_426" 
			       CONTENT="r"
			       HPOS="283"
			       VPOS="920"
			       WIDTH="0"
			       HEIGHT="57"
			       GC="1.0">
						<Shape>
				<Polygon POINTS="283 920 283 977 283 977 283 920"/>
			</Shape>
						</Glyph>
					</String>
									<SP ID="segment_128"
		    HPOS="301" 
		    VPOS="920"
		    WIDTH="4" 
		    HEIGHT="61"/>
									<String ID="segment_129"
			CONTENT="cela" 
			HPOS="310" 
			VPOS="920"
			WIDTH="66" 
			HEIGHT="64" 
			WC="1.0">
						<Shape>
				<Polygon POINTS="310 919 309 919 309 919 309 919 309 919 309 919 309 919 309 919 309 919 309 919 309 919 309 919 309 919 309 919 309 919 309 919 309 920 309 984 309 984 309 984 309 984 309 984 309 984 309 984 309 984 309 984 309 984 309 984 309 984 309 984 309 984 309 984 309 984 310 984 310 984 336 982 358 979 358 979 372 977 376 976 376 928 372 927 336 922 310 919 310 919"/>
			</Shape>
									<Glyph ID="char_428" 
			       CONTENT="c"
			       HPOS="310"
			       VPOS="920"
			       WIDTH="0"
			       HEIGHT="64"
			       GC="1.0">
						<Shape>
				<Polygon POINTS="310 920 310 984 310 984 310 920"/>
			</Shape>
						</Glyph>
						<Glyph ID="char_429" 
			       CONTENT="e"
			       HPOS="336"
			       VPOS="923"
			       WIDTH="0"
			       HEIGHT="59"
			       GC="1.0">
						<Shape>
				<Polygon POINTS="336 923 336 982 336 982 336 923"/>
			</Shape>
						</Glyph>
						<Glyph ID="char_430" 
			       CONTENT="l"
			       HPOS="358"
			       VPOS="926"
			       WIDTH="0"
			       HEIGHT="53"
			       GC="0.9999">
						<Shape>
				<Polygon POINTS="358 926 358 979 358 979 358 926"/>
			</Shape>
						</Glyph>
						<Glyph ID="char_431" 
			       CONTENT="a"
			       HPOS="372"
			       VPOS="927"
			       WIDTH="4"
			       HEIGHT="50"
			       GC="1.0">
						<Shape>
				<Polygon POINTS="372 927 372 977 376 976 376 928"/>
			</Shape>
						</Glyph>
					</String>
									<SP ID="segment_130"
		    HPOS="403" 
		    VPOS="923"
		    WIDTH="4" 
		    HEIGHT="57"/>
									<String ID="segment_131"
			CONTENT="deborder" 
			HPOS="416" 
			VPOS="921"
			WIDTH="177" 
			HEIGHT="64" 
			WC="0.9963">
						<Shape>
				<Polygon POINTS="465 920 416 921 415 921 415 921 415 921 415 921 415 921 415 921 415 921 415 921 415 921 415 921 415 921 415 921 415 921 415 921 415 921 415 922 415 981 415 981 415 981 415 981 415 981 415 981 415 981 415 981 415 981 415 981 415 981 415 981 415 981 415 981 415 981 415 981 441 983 442 983 593 985 593 985 593 985 593 985 593 985 593 985 593 985 593 985 593 985 593 985 593 985 593 985 593 985 593 985 593 985 593 985 593 985 593 932 593 931 593 931 593 931 593 931 593 931 593 931 593 931 593 931 593 931 593 931 593 931 593 931 593 931 593 931 544 921 544 921 544 921 465 920"/>
			</Shape>
									<Glyph ID="char_433" 
			       CONTENT="d"
			       HPOS="416"
			       VPOS="922"
			       WIDTH="0"
			       HEIGHT="59"
			       GC="0.9999">
						<Shape>
				<Polygon POINTS="416 922 416 981 416 981 416 922"/>
			</Shape>
						</Glyph>
						<Glyph ID="char_434" 
			       CONTENT="e"
			       HPOS="442"
			       VPOS="927"
			       WIDTH="0"
			       HEIGHT="56"
			       GC="1.0">
						<Shape>
				<Polygon POINTS="442 927 442 983 442 983 442 927"/>
			</Shape>
						</Glyph>
						<Glyph ID="char_435" 
			       CONTENT="b"
			       HPOS="465"
			       VPOS="921"
			       WIDTH="0"
			       HEIGHT="57"
			       GC="1.0">
						<Shape>
				<Polygon POINTS="465 921 465 978 465 978 465 921"/>
			</Shape>
						</Glyph>
						<Glyph ID="char_436" 
			       CONTENT="o"
			       HPOS="496"
			       VPOS="930"
			       WIDTH="0"
			       HEIGHT="51"
			       GC="0.9858">
						<Shape>
				<Polygon POINTS="496 930 496 981 496 981 496 930"/>
			</Shape>
						</Glyph>
						<Glyph ID="char_437" 
			       CONTENT="r"
			       HPOS="522"
			       VPOS="925"
			       WIDTH="0"
			       HEIGHT="57"
			       GC="1.0">
						<Shape>
				<Polygon POINTS="522 925 522 982 522 982 522 925"/>
			</Shape>
						</Glyph>
						<Glyph ID="char_438" 
			       CONTENT="d"
			       HPOS="544"
			       VPOS="922"
			       WIDTH="0"
			       HEIGHT="58"
			       GC="1.0">
						<Shape>
				<Polygon POINTS="544 922 544 980 544 980 544 922"/>
			</Shape>
						</Glyph>
						<Glyph ID="char_439" 
			       CONTENT="e"
			       HPOS="571"
			       VPOS="932"
			       WIDTH="0"
			       HEIGHT="48"
			       GC="0.9849">
						<Shape>
				<Polygon POINTS="571 932 571 980 571 980 571 932"/>
			</Shape>
						</Glyph>
						<Glyph ID="char_440" 
			       CONTENT="r"
			       HPOS="593"
			       VPOS="932"
			       WIDTH="0"
			       HEIGHT="53"
			       GC="1.0">
						<Shape>
				<Polygon POINTS="593 932 593 985 593 985 593 932"/>
			</Shape>
						</Glyph>
					</String>
									<SP ID="segment_132"
		    HPOS="611" 
		    VPOS="932"
		    WIDTH="4" 
		    HEIGHT="46"/>
									<String ID="segment_133"
			CONTENT="en" 
			HPOS="624" 
			VPOS="932"
			WIDTH="26" 
			HEIGHT="51" 
			WC="0.9795">
						<Shape>
				<Polygon POINTS="624 931 623 931 623 931 623 931 623 931 623 931 623 931 623 931 623 931 623 931 623 931 623 931 623 931 623 931 623 931 623 931 623 932 623 980 623 980 623 980 623 980 623 980 623 980 623 980 623 980 623 980 623 980 623 980 623 980 623 980 623 980 623 980 623 980 649 983 650 983 650 983 650 983 650 983 650 983 650 983 650 983 650 983 650 983 650 983 650 983 650 983 650 983 650 983 650 983 650 983 650 983 650 932 650 931 650 931 650 931 650 931 650 931 650 931 650 931 650 931 650 931 650 931 650 931 650 931 650 931 650 931 650 931 650 931 624 931"/>
			</Shape>
									<Glyph ID="char_442" 
			       CONTENT="e"
			       HPOS="624"
			       VPOS="932"
			       WIDTH="0"
			       HEIGHT="48"
			       GC="0.9615">
						<Shape>
				<Polygon POINTS="624 932 624 980 624 980 624 932"/>
			</Shape>
						</Glyph>
						<Glyph ID="char_443" 
			       CONTENT="n"
			       HPOS="650"
			       VPOS="932"
			       WIDTH="0"
			       HEIGHT="51"
			       GC="0.9976">
						<Shape>
				<Polygon POINTS="650 932 650 983 650 983 650 932"/>
			</Shape>
						</Glyph>
					</String>
									<SP ID="segment_134"
		    HPOS="677" 
		    VPOS="922"
		    WIDTH="4" 
		    HEIGHT="63"/>
									<String ID="segment_135"
			CONTENT="lou¬" 
			HPOS="690" 
			VPOS="922"
			WIDTH="78" 
			HEIGHT="62" 
			WC="0.9668">
						<Shape>
				<Polygon POINTS="735 921 734 921 689 926 689 926 689 926 689 926 689 926 689 926 689 926 689 926 689 926 689 926 689 926 689 926 689 926 689 926 689 926 689 927 689 982 689 982 689 982 689 982 689 982 689 982 689 982 689 982 689 982 689 982 689 982 689 982 689 982 689 982 689 982 689 982 690 982 735 984 735 984 735 984 735 984 735 984 735 984 768 968 768 968 768 968 768 968 768 968 768 968 768 968 768 968 768 968 768 968 768 968 768 968 768 967 768 967 768 967 768 967 768 967 768 967 735 921 735 921 735 921 735 921 735 921 735 921 735 921 735 921 735 921 735 921 735 921"/>
			</Shape>
									<Glyph ID="char_445" 
			       CONTENT="l"
			       HPOS="690"
			       VPOS="927"
			       WIDTH="0"
			       HEIGHT="55"
			       GC="0.9999">
						<Shape>
				<Polygon POINTS="690 927 690 982 690 982 690 927"/>
			</Shape>
						</Glyph>
						<Glyph ID="char_446" 
			       CONTENT="o"
			       HPOS="704"
			       VPOS="927"
			       WIDTH="4"
			       HEIGHT="53"
			       GC="0.9998">
						<Shape>
				<Polygon POINTS="704 928 704 979 708 980 708 927"/>
			</Shape>
						</Glyph>
						<Glyph ID="char_447" 
			       CONTENT="u"
			       HPOS="735"
			       VPOS="922"
			       WIDTH="0"
			       HEIGHT="62"
			       GC="0.8691">
						<Shape>
				<Polygon POINTS="735 922 735 984 735 984 735 922"/>
			</Shape>
						</Glyph>
						<Glyph ID="char_448" 
			       CONTENT="¬"
			       HPOS="768"
			       VPOS="968"
			       WIDTH="0"
			       HEIGHT="0"
			       GC="0.9984">
						<Shape>
				<Polygon POINTS="768 968 768 968 768 968 768 968"/>
			</Shape>
						</Glyph>
					</String>
				</TextLine>
										<TextLine ID="line_16"
	  HPOS="80"
	  VPOS="974" 
	  WIDTH="688" 
	  HEIGHT="69"	  BASELINE="81 1017 768 1027"
	                                          TAGREFS="TYPE_1"                                                                                                                                  >
			<Shape>
			<Polygon POINTS="81 1017 80 1031 347 1031 355 1033 373 1038 375 1038 376 1038 448 1034 468 1033 482 1034 531 1040 532 1040 564 1034 569 1034 574 1034 597 1041 598 1041 599 1041 660 1035 664 1035 681 1043 683 1043 684 1043 767 1035 768 1027 768 985 713 980 711 980 710 980 708 980 708 981 704 984 700 988 694 984 690 981 690 980 688 980 687 980 647 978 645 978 644 978 642 978 642 980 637 984 632 990 612 990 594 984 569 977 568 977 567 977 565 977 564 977 554 984 545 990 481 991 469 982 462 977 461 977 459 977 458 977 456 977 455 977 455 978 449 982 446 987 395 990 388 982 379 975 379 974 378 974 376 974 375 974 373 974 372 974 359 982 352 987 339 982 317 974 316 974 280 974 279 974 277 974 262 981 252 987 240 981 233 978 231 978 230 978 229 978 227 978 224 981 217 987 196 981 180 977 178 977 177 977 176 977 166 981 157 984 81 981 81 1017"/>
		</Shape>
	        							<String ID="segment_136"
			CONTENT="anges" 
			HPOS="94" 
			VPOS="978"
			WIDTH="105" 
			HEIGHT="53" 
			WC="0.9982">
						<Shape>
				<Polygon POINTS="173 977 172 977 95 982 94 1031 119 1031 146 1031 197 1031 198 1031 198 1031 198 1031 198 1031 198 1031 198 1031 198 1031 198 1031 198 1031 198 1031 198 1031 198 1031 198 1031 198 1031 198 1031 198 1031 199 982 199 981 199 981 199 981 199 981 199 981 199 981 199 981 199 981 199 981 199 981 199 981 199 981 199 981 199 981 199 981 173 977 173 977"/>
			</Shape>
									<Glyph ID="char_449" 
			       CONTENT="a"
			       HPOS="94"
			       VPOS="982"
			       WIDTH="5"
			       HEIGHT="49"
			       GC="1.0">
						<Shape>
				<Polygon POINTS="95 982 94 1031 98 1031 99 982"/>
			</Shape>
						</Glyph>
						<Glyph ID="char_450" 
			       CONTENT="n"
			       HPOS="120"
			       VPOS="983"
			       WIDTH="1"
			       HEIGHT="48"
			       GC="1.0">
						<Shape>
				<Polygon POINTS="121 983 120 1031 120 1031 121 983"/>
			</Shape>
						</Glyph>
						<Glyph ID="char_451" 
			       CONTENT="g"
			       HPOS="146"
			       VPOS="984"
			       WIDTH="0"
			       HEIGHT="47"
			       GC="0.9998">
						<Shape>
				<Polygon POINTS="146 984 146 1031 146 1031 146 984"/>
			</Shape>
						</Glyph>
						<Glyph ID="char_452" 
			       CONTENT="e"
			       HPOS="172"
			       VPOS="978"
			       WIDTH="1"
			       HEIGHT="53"
			       GC="0.9915">
						<Shape>
				<Polygon POINTS="173 978 172 1031 172 1031 173 978"/>
			</Shape>
						</Glyph>
						<Glyph ID="char_453" 
			       CONTENT="s"
			       HPOS="198"
			       VPOS="982"
			       WIDTH="1"
			       HEIGHT="49"
			       GC="0.9996">
						<Shape>
				<Polygon POINTS="199 982 198 1031 198 1031 199 982"/>
			</Shape>
						</Glyph>
					</String>
									<SP ID="segment_137"
		    HPOS="220" 
		    VPOS="980"
		    WIDTH="5" 
		    HEIGHT="51"/>
									<String ID="segment_138"
			CONTENT="immoderees:" 
			HPOS="233" 
			VPOS="974"
			WIDTH="273" 
			HEIGHT="63" 
			WC="0.9882">
						<Shape>
				<Polygon POINTS="290 973 289 973 233 977 233 977 233 977 233 977 233 977 233 977 233 977 233 977 233 977 233 977 233 977 233 977 233 977 233 977 233 977 233 977 232 1030 232 1031 232 1031 232 1031 232 1031 232 1031 232 1031 232 1031 232 1031 232 1031 232 1031 232 1031 232 1031 232 1031 232 1031 232 1031 232 1031 388 1037 506 1037 506 1037 506 1037 506 1037 506 1037 506 1037 506 1037 506 1037 506 1037 506 1037 506 1037 506 1037 506 1037 506 1037 506 1037 506 1037 506 1037 506 991 506 990 506 990 506 990 506 990 506 990 506 990 506 990 506 990 506 990 506 990 506 990 506 990 506 990 455 977 455 977 455 977 290 973"/>
			</Shape>
									<Glyph ID="char_455" 
			       CONTENT="i"
			       HPOS="233"
			       VPOS="978"
			       WIDTH="1"
			       HEIGHT="53"
			       GC="1.0">
						<Shape>
				<Polygon POINTS="234 978 233 1031 233 1031 234 978"/>
			</Shape>
						</Glyph>
						<Glyph ID="char_456" 
			       CONTENT="m"
			       HPOS="246"
			       VPOS="984"
			       WIDTH="0"
			       HEIGHT="47"
			       GC="0.9908">
						<Shape>
				<Polygon POINTS="246 984 246 1031 246 1031 246 984"/>
			</Shape>
						</Glyph>
						<Glyph ID="char_457" 
			       CONTENT="m"
			       HPOS="289"
			       VPOS="974"
			       WIDTH="1"
			       HEIGHT="57"
			       GC="1.0">
						<Shape>
				<Polygon POINTS="290 974 289 1031 289 1031 290 974"/>
			</Shape>
						</Glyph>
						<Glyph ID="char_458" 
			       CONTENT="o"
			       HPOS="332"
			       VPOS="980"
			       WIDTH="1"
			       HEIGHT="51"
			       GC="0.9449">
						<Shape>
				<Polygon POINTS="333 980 332 1031 332 1031 333 980"/>
			</Shape>
						</Glyph>
						<Glyph ID="char_459" 
			       CONTENT="d"
			       HPOS="363"
			       VPOS="979"
			       WIDTH="1"
			       HEIGHT="56"
			       GC="0.9449">
						<Shape>
				<Polygon POINTS="364 979 363 1035 363 1035 364 979"/>
			</Shape>
						</Glyph>
						<Glyph ID="char_460" 
			       CONTENT="e"
			       HPOS="389"
			       VPOS="984"
			       WIDTH="1"
			       HEIGHT="53"
			       GC="1.0">
						<Shape>
				<Polygon POINTS="390 984 389 1037 389 1037 390 984"/>
			</Shape>
						</Glyph>
						<Glyph ID="char_461" 
			       CONTENT="r"
			       HPOS="410"
			       VPOS="989"
			       WIDTH="0"
			       HEIGHT="47"
			       GC="1.0">
						<Shape>
				<Polygon POINTS="410 989 410 1036 410 1036 410 989"/>
			</Shape>
						</Glyph>
						<Glyph ID="char_462" 
			       CONTENT="e"
			       HPOS="428"
			       VPOS="988"
			       WIDTH="0"
			       HEIGHT="47"
			       GC="1.0">
						<Shape>
				<Polygon POINTS="428 988 428 1035 428 1035 428 988"/>
			</Shape>
						</Glyph>
						<Glyph ID="char_463" 
			       CONTENT="e"
			       HPOS="454"
			       VPOS="978"
			       WIDTH="1"
			       HEIGHT="56"
			       GC="1.0">
						<Shape>
				<Polygon POINTS="455 978 454 1034 454 1034 455 978"/>
			</Shape>
						</Glyph>
						<Glyph ID="char_464" 
			       CONTENT="s"
			       HPOS="475"
			       VPOS="987"
			       WIDTH="0"
			       HEIGHT="46"
			       GC="0.9904">
						<Shape>
				<Polygon POINTS="475 987 475 1033 475 1033 475 987"/>
			</Shape>
						</Glyph>
						<Glyph ID="char_465" 
			       CONTENT=":"
			       HPOS="506"
			       VPOS="991"
			       WIDTH="0"
			       HEIGHT="46"
			       GC="0.9988">
						<Shape>
				<Polygon POINTS="506 991 506 1037 506 1037 506 991"/>
			</Shape>
						</Glyph>
					</String>
									<SP ID="segment_139"
		    HPOS="523" 
		    VPOS="990"
		    WIDTH="4" 
		    HEIGHT="49"/>
									<String ID="segment_140"
			CONTENT="attendu" 
			HPOS="536" 
			VPOS="978"
			WIDTH="140" 
			HEIGHT="63" 
			WC="0.9862">
						<Shape>
				<Polygon POINTS="645 978 576 978 575 978 558 980 558 980 558 980 558 980 535 989 535 989 535 989 535 989 535 989 535 989 535 989 535 989 535 989 535 989 535 989 535 989 535 990 535 1039 535 1039 535 1039 535 1039 535 1039 535 1039 535 1039 535 1039 535 1039 535 1039 535 1039 535 1039 535 1039 535 1039 535 1039 535 1039 536 1039 597 1041 674 1040 675 1040 675 1040 675 1040 675 1040 675 1040 675 1040 675 1040 675 1040 675 1040 675 1040 675 1040 675 1040 675 1040 675 1040 675 1040 675 1040 676 979 676 978 676 978 676 978 676 978 676 978 676 978 676 978 676 978 676 978 676 978 676 978 676 978 676 978 676 978 676 978 676 978 650 978 645 978"/>
			</Shape>
									<Glyph ID="char_467" 
			       CONTENT="a"
			       HPOS="536"
			       VPOS="990"
			       WIDTH="0"
			       HEIGHT="49"
			       GC="1.0">
						<Shape>
				<Polygon POINTS="536 990 536 1039 536 1039 536 990"/>
			</Shape>
						</Glyph>
						<Glyph ID="char_468" 
			       CONTENT="t"
			       HPOS="558"
			       VPOS="981"
			       WIDTH="1"
			       HEIGHT="54"
			       GC="1.0">
						<Shape>
				<Polygon POINTS="559 981 558 1035 558 1035 559 981"/>
			</Shape>
						</Glyph>
						<Glyph ID="char_469" 
			       CONTENT="t"
			       HPOS="575"
			       VPOS="979"
			       WIDTH="1"
			       HEIGHT="55"
			       GC="0.9981">
						<Shape>
				<Polygon POINTS="576 979 575 1034 575 1034 576 979"/>
			</Shape>
						</Glyph>
						<Glyph ID="char_470" 
			       CONTENT="e"
			       HPOS="592"
			       VPOS="984"
			       WIDTH="6"
			       HEIGHT="57"
			       GC="1.0">
						<Shape>
				<Polygon POINTS="593 984 592 1039 597 1041 598 985"/>
			</Shape>
						</Glyph>
						<Glyph ID="char_471" 
			       CONTENT="n"
			       HPOS="618"
			       VPOS="990"
			       WIDTH="0"
			       HEIGHT="49"
			       GC="0.9998">
						<Shape>
				<Polygon POINTS="618 990 618 1039 618 1039 618 990"/>
			</Shape>
						</Glyph>
						<Glyph ID="char_472" 
			       CONTENT="d"
			       HPOS="644"
			       VPOS="978"
			       WIDTH="6"
			       HEIGHT="59"
			       GC="0.9984">
						<Shape>
				<Polygon POINTS="645 978 644 1037 649 1036 650 978"/>
			</Shape>
						</Glyph>
						<Glyph ID="char_473" 
			       CONTENT="u"
			       HPOS="675"
			       VPOS="979"
			       WIDTH="1"
			       HEIGHT="61"
			       GC="0.9073">
						<Shape>
				<Polygon POINTS="676 979 675 1040 675 1040 676 979"/>
			</Shape>
						</Glyph>
					</String>
									<SP ID="segment_141"
		    HPOS="705" 
		    VPOS="980"
		    WIDTH="5" 
		    HEIGHT="61"/>
									<String ID="segment_142"
			CONTENT="les" 
			HPOS="718" 
			VPOS="981"
			WIDTH="40" 
			HEIGHT="59" 
			WC="0.9995">
						<Shape>
				<Polygon POINTS="719 980 718 980 718 980 718 980 718 980 718 980 718 980 718 980 718 980 718 980 718 980 718 980 718 980 718 980 718 980 718 980 718 980 717 1039 717 1040 717 1040 717 1040 717 1040 717 1040 717 1040 717 1040 717 1040 717 1040 717 1040 717 1040 717 1040 717 1040 717 1040 717 1040 717 1040 718 1040 757 1036 757 1036 757 1036 757 1036 757 1036 757 1036 757 1036 757 1036 757 1036 757 1036 757 1036 757 1036 757 1036 757 1036 757 1036 757 1036 758 984 758 983 758 983 758 983 758 983 758 983 758 983 758 983 758 983 758 983 758 983 758 983 758 983 758 983 758 983 758 983 719 980 719 980"/>
			</Shape>
									<Glyph ID="char_475" 
			       CONTENT="l"
			       HPOS="718"
			       VPOS="981"
			       WIDTH="1"
			       HEIGHT="59"
			       GC="0.9989">
						<Shape>
				<Polygon POINTS="719 981 718 1040 718 1040 719 981"/>
			</Shape>
						</Glyph>
						<Glyph ID="char_476" 
			       CONTENT="e"
			       HPOS="731"
			       VPOS="982"
			       WIDTH="5"
			       HEIGHT="56"
			       GC="0.9997">
						<Shape>
				<Polygon POINTS="732 982 731 1038 735 1038 736 982"/>
			</Shape>
						</Glyph>
						<Glyph ID="char_477" 
			       CONTENT="s"
			       HPOS="757"
			       VPOS="984"
			       WIDTH="1"
			       HEIGHT="52"
			       GC="0.9998">
						<Shape>
				<Polygon POINTS="758 984 757 1036 757 1036 758 984"/>
			</Shape>
						</Glyph>
					</String>
				</TextLine>
										<TextLine ID="line_17"
	  HPOS="78"
	  VPOS="1027" 
	  WIDTH="688" 
	  HEIGHT="73"	  BASELINE="80 1073 766 1084"
	                                          TAGREFS="TYPE_1"                                                                                                                                  >
			<Shape>
			<Polygon POINTS="78 1081 763 1100 766 1084 766 1050 705 1038 704 1038 628 1044 595 1047 564 1043 508 1034 506 1034 428 1038 336 1043 262 1043 227 1031 226 1031 224 1031 223 1031 221 1031 201 1040 147 1028 141 1028 140 1028 138 1028 137 1028 113 1038 81 1027 80 1073 78 1081"/>
		</Shape>
	        							<String ID="segment_143"
			CONTENT="belles" 
			HPOS="80" 
			VPOS="1028"
			WIDTH="119" 
			HEIGHT="56" 
			WC="0.9947">
						<Shape>
				<Polygon POINTS="148 1027 147 1027 147 1027 126 1031 126 1031 126 1031 126 1031 126 1031 126 1031 126 1031 79 1072 79 1072 79 1072 79 1072 79 1072 79 1072 79 1072 79 1072 79 1072 79 1073 79 1081 79 1081 79 1081 79 1081 79 1081 79 1081 79 1081 79 1081 79 1081 79 1081 79 1081 79 1081 79 1081 79 1081 79 1081 79 1081 80 1081 176 1084 197 1084 198 1084 198 1084 198 1084 198 1084 198 1084 198 1084 198 1084 198 1084 198 1084 198 1084 198 1084 198 1084 198 1084 198 1084 198 1084 198 1084 199 1039 199 1038 199 1038 199 1038 199 1038 199 1038 199 1038 199 1038 199 1038 199 1038 199 1038 199 1038 199 1038 199 1038 199 1038 148 1027 148 1027 148 1027"/>
			</Shape>
									<Glyph ID="char_478" 
			       CONTENT="b"
			       HPOS="80"
			       VPOS="1073"
			       WIDTH="0"
			       HEIGHT="8"
			       GC="0.9928">
						<Shape>
				<Polygon POINTS="80 1073 80 1081 80 1081 80 1073"/>
			</Shape>
						</Glyph>
						<Glyph ID="char_479" 
			       CONTENT="e"
			       HPOS="126"
			       VPOS="1032"
			       WIDTH="1"
			       HEIGHT="50"
			       GC="1.0">
						<Shape>
				<Polygon POINTS="127 1032 126 1082 126 1082 127 1032"/>
			</Shape>
						</Glyph>
						<Glyph ID="char_480" 
			       CONTENT="l"
			       HPOS="147"
			       VPOS="1028"
			       WIDTH="1"
			       HEIGHT="55"
			       GC="0.9999">
						<Shape>
				<Polygon POINTS="148 1028 147 1083 147 1083 148 1028"/>
			</Shape>
						</Glyph>
						<Glyph ID="char_481" 
			       CONTENT="l"
			       HPOS="160"
			       VPOS="1031"
			       WIDTH="1"
			       HEIGHT="52"
			       GC="0.9846">
						<Shape>
				<Polygon POINTS="161 1031 160 1083 160 1083 161 1031"/>
			</Shape>
						</Glyph>
						<Glyph ID="char_482" 
			       CONTENT="e"
			       HPOS="177"
			       VPOS="1035"
			       WIDTH="1"
			       HEIGHT="49"
			       GC="0.9907">
						<Shape>
				<Polygon POINTS="178 1035 177 1084 177 1084 178 1035"/>
			</Shape>
						</Glyph>
						<Glyph ID="char_483" 
			       CONTENT="s"
			       HPOS="198"
			       VPOS="1039"
			       WIDTH="1"
			       HEIGHT="45"
			       GC="1.0">
						<Shape>
				<Polygon POINTS="199 1039 198 1084 198 1084 199 1039"/>
			</Shape>
						</Glyph>
					</String>
									<SP ID="segment_144"
		    HPOS="214" 
		    VPOS="1031"
		    WIDTH="10" 
		    HEIGHT="54"/>
									<String ID="segment_145"
			CONTENT="&amp;" 
			HPOS="227" 
			VPOS="1031"
			WIDTH="1" 
			HEIGHT="54" 
			WC="1.0">
						<Shape>
				<Polygon POINTS="228 1030 227 1030 227 1030 227 1030 227 1030 227 1030 227 1030 227 1030 227 1030 227 1030 227 1030 227 1030 227 1030 227 1030 227 1030 227 1030 227 1030 226 1084 226 1085 226 1085 226 1085 226 1085 226 1085 226 1085 226 1085 226 1085 226 1085 226 1085 226 1085 226 1085 226 1085 226 1085 226 1085 226 1085 227 1085 227 1085 227 1085 227 1085 227 1085 227 1085 227 1085 227 1085 227 1085 227 1085 227 1085 227 1085 227 1085 227 1085 227 1085 227 1085 228 1031 228 1030 228 1030 228 1030 228 1030 228 1030 228 1030 228 1030 228 1030 228 1030 228 1030 228 1030 228 1030 228 1030 228 1030 228 1030 228 1030"/>
			</Shape>
									<Glyph ID="char_485" 
			       CONTENT="&amp;"
			       HPOS="227"
			       VPOS="1031"
			       WIDTH="1"
			       HEIGHT="54"
			       GC="1.0">
						<Shape>
				<Polygon POINTS="228 1031 227 1085 227 1085 228 1031"/>
			</Shape>
						</Glyph>
					</String>
									<SP ID="segment_146"
		    HPOS="265" 
		    VPOS="1043"
		    WIDTH="5" 
		    HEIGHT="43"/>
									<String ID="segment_147"
			CONTENT="recõmandables" 
			HPOS="273" 
			VPOS="1035"
			WIDTH="308" 
			HEIGHT="60" 
			WC="0.9824">
						<Shape>
				<Polygon POINTS="493 1034 492 1034 273 1042 273 1042 273 1042 273 1042 273 1042 273 1042 273 1042 273 1042 273 1042 273 1042 273 1042 273 1042 273 1042 273 1042 273 1042 273 1042 272 1085 272 1086 272 1086 272 1086 272 1086 272 1086 272 1086 272 1086 272 1086 272 1086 272 1086 272 1086 272 1086 272 1086 272 1086 272 1086 272 1086 293 1087 318 1088 541 1094 579 1095 580 1095 580 1095 580 1095 580 1095 580 1095 580 1095 580 1095 580 1095 580 1095 580 1095 580 1095 580 1095 580 1095 580 1095 580 1095 580 1095 581 1045 581 1044 581 1044 581 1044 581 1044 581 1044 581 1044 581 1044 581 1044 581 1044 581 1044 581 1044 581 1044 581 1044 581 1044 581 1044 560 1041 518 1035 518 1035 493 1034"/>
			</Shape>
									<Glyph ID="char_487" 
			       CONTENT="r"
			       HPOS="273"
			       VPOS="1043"
			       WIDTH="1"
			       HEIGHT="43"
			       GC="0.9998">
						<Shape>
				<Polygon POINTS="274 1043 273 1086 273 1086 274 1043"/>
			</Shape>
						</Glyph>
						<Glyph ID="char_488" 
			       CONTENT="e"
			       HPOS="294"
			       VPOS="1043"
			       WIDTH="1"
			       HEIGHT="44"
			       GC="1.0">
						<Shape>
				<Polygon POINTS="295 1043 294 1087 294 1087 295 1043"/>
			</Shape>
						</Glyph>
						<Glyph ID="char_489" 
			       CONTENT="c"
			       HPOS="319"
			       VPOS="1043"
			       WIDTH="1"
			       HEIGHT="45"
			       GC="0.9999">
						<Shape>
				<Polygon POINTS="320 1043 319 1088 319 1088 320 1043"/>
			</Shape>
						</Glyph>
						<Glyph ID="char_490" 
			       CONTENT="o"
			       HPOS="340"
			       VPOS="1042"
			       WIDTH="6"
			       HEIGHT="46"
			       GC="0.9994">
						<Shape>
				<Polygon POINTS="341 1043 340 1088 345 1088 346 1042"/>
			</Shape>
						</Glyph>
						<Glyph ID="char_491" 
			       CONTENT="̃"
			       HPOS="349"
			       VPOS="1042"
			       WIDTH="9"
			       HEIGHT="47"
			       GC="1.0">
						<Shape>
				<Polygon POINTS="350 1042 349 1089 357 1089 358 1042"/>
			</Shape>
						</Glyph>
						<Glyph ID="char_492" 
			       CONTENT="m"
			       HPOS="370"
			       VPOS="1041"
			       WIDTH="1"
			       HEIGHT="48"
			       GC="1.0">
						<Shape>
				<Polygon POINTS="371 1041 370 1089 370 1089 371 1041"/>
			</Shape>
						</Glyph>
						<Glyph ID="char_493" 
			       CONTENT="a"
			       HPOS="412"
			       VPOS="1039"
			       WIDTH="1"
			       HEIGHT="51"
			       GC="1.0">
						<Shape>
				<Polygon POINTS="413 1039 412 1090 412 1090 413 1039"/>
			</Shape>
						</Glyph>
						<Glyph ID="char_494" 
			       CONTENT="n"
			       HPOS="437"
			       VPOS="1038"
			       WIDTH="1"
			       HEIGHT="53"
			       GC="0.9942">
						<Shape>
				<Polygon POINTS="438 1038 437 1091 437 1091 438 1038"/>
			</Shape>
						</Glyph>
						<Glyph ID="char_495" 
			       CONTENT="d"
			       HPOS="462"
			       VPOS="1036"
			       WIDTH="6"
			       HEIGHT="56"
			       GC="1.0">
						<Shape>
				<Polygon POINTS="463 1036 462 1092 467 1092 468 1036"/>
			</Shape>
						</Glyph>
						<Glyph ID="char_496" 
			       CONTENT="a"
			       HPOS="492"
			       VPOS="1035"
			       WIDTH="1"
			       HEIGHT="57"
			       GC="1.0">
						<Shape>
				<Polygon POINTS="493 1035 492 1092 492 1092 493 1035"/>
			</Shape>
						</Glyph>
						<Glyph ID="char_497" 
			       CONTENT="b"
			       HPOS="517"
			       VPOS="1036"
			       WIDTH="1"
			       HEIGHT="57"
			       GC="0.8943">
						<Shape>
				<Polygon POINTS="518 1036 517 1093 517 1093 518 1036"/>
			</Shape>
						</Glyph>
						<Glyph ID="char_498" 
			       CONTENT="l"
			       HPOS="542"
			       VPOS="1040"
			       WIDTH="1"
			       HEIGHT="54"
			       GC="0.866">
						<Shape>
				<Polygon POINTS="543 1040 542 1094 542 1094 543 1040"/>
			</Shape>
						</Glyph>
						<Glyph ID="char_499" 
			       CONTENT="e"
			       HPOS="559"
			       VPOS="1042"
			       WIDTH="1"
			       HEIGHT="52"
			       GC="1.0">
						<Shape>
				<Polygon POINTS="560 1042 559 1094 559 1094 560 1042"/>
			</Shape>
						</Glyph>
						<Glyph ID="char_500" 
			       CONTENT="s"
			       HPOS="580"
			       VPOS="1045"
			       WIDTH="1"
			       HEIGHT="50"
			       GC="1.0">
						<Shape>
				<Polygon POINTS="581 1045 580 1095 580 1095 581 1045"/>
			</Shape>
						</Glyph>
					</String>
									<SP ID="segment_148"
		    HPOS="601" 
		    VPOS="1046"
		    WIDTH="9" 
		    HEIGHT="50"/>
									<String ID="segment_149"
			CONTENT="parties," 
			HPOS="614" 
			VPOS="1038"
			WIDTH="152" 
			HEIGHT="61" 
			WC="0.9785">
						<Shape>
				<Polygon POINTS="699 1037 698 1037 614 1044 614 1044 614 1044 614 1044 614 1044 614 1044 614 1044 614 1044 614 1044 614 1044 614 1044 614 1044 614 1044 614 1044 614 1044 614 1044 613 1095 613 1096 613 1096 613 1096 613 1096 613 1096 613 1096 613 1096 613 1096 613 1096 613 1096 613 1096 613 1096 613 1096 613 1096 613 1096 613 1096 642 1097 713 1099 740 1099 766 1084 766 1084 766 1084 766 1084 766 1084 766 1084 766 1084 766 1084 766 1084 766 1084 766 1084 766 1084 766 1083 766 1083 766 1083 766 1083 766 1083 766 1083 741 1045 715 1039 715 1039 699 1037 699 1037"/>
			</Shape>
									<Glyph ID="char_502" 
			       CONTENT="p"
			       HPOS="614"
			       VPOS="1045"
			       WIDTH="1"
			       HEIGHT="51"
			       GC="0.9961">
						<Shape>
				<Polygon POINTS="615 1045 614 1096 614 1096 615 1045"/>
			</Shape>
						</Glyph>
						<Glyph ID="char_503" 
			       CONTENT="a"
			       HPOS="643"
			       VPOS="1043"
			       WIDTH="1"
			       HEIGHT="54"
			       GC="0.9999">
						<Shape>
				<Polygon POINTS="644 1043 643 1097 643 1097 644 1043"/>
			</Shape>
						</Glyph>
						<Glyph ID="char_504" 
			       CONTENT="r"
			       HPOS="664"
			       VPOS="1041"
			       WIDTH="1"
			       HEIGHT="56"
			       GC="0.9999">
						<Shape>
				<Polygon POINTS="665 1041 664 1097 664 1097 665 1041"/>
			</Shape>
						</Glyph>
						<Glyph ID="char_505" 
			       CONTENT="t"
			       HPOS="681"
			       VPOS="1040"
			       WIDTH="1"
			       HEIGHT="58"
			       GC="0.9997">
						<Shape>
				<Polygon POINTS="682 1040 681 1098 681 1098 682 1040"/>
			</Shape>
						</Glyph>
						<Glyph ID="char_506" 
			       CONTENT="i"
			       HPOS="698"
			       VPOS="1038"
			       WIDTH="1"
			       HEIGHT="60"
			       GC="0.9996">
						<Shape>
				<Polygon POINTS="699 1038 698 1098 698 1098 699 1038"/>
			</Shape>
						</Glyph>
						<Glyph ID="char_507" 
			       CONTENT="e"
			       HPOS="714"
			       VPOS="1040"
			       WIDTH="1"
			       HEIGHT="59"
			       GC="0.9998">
						<Shape>
				<Polygon POINTS="715 1040 714 1099 714 1099 715 1040"/>
			</Shape>
						</Glyph>
						<Glyph ID="char_508" 
			       CONTENT="s"
			       HPOS="735"
			       VPOS="1044"
			       WIDTH="6"
			       HEIGHT="55"
			       GC="0.9997">
						<Shape>
				<Polygon POINTS="736 1044 735 1099 740 1099 741 1045"/>
			</Shape>
						</Glyph>
						<Glyph ID="char_509" 
			       CONTENT=","
			       HPOS="766"
			       VPOS="1084"
			       WIDTH="0"
			       HEIGHT="0"
			       GC="0.833">
						<Shape>
				<Polygon POINTS="766 1084 766 1084 766 1084 766 1084"/>
			</Shape>
						</Glyph>
					</String>
				</TextLine>
										<TextLine ID="line_18"
	  HPOS="78"
	  VPOS="1081" 
	  WIDTH="690" 
	  HEIGHT="67"	  BASELINE="80 1128 768 1138"
	                                          TAGREFS="TYPE_1"                                                                                                                                  >
			<Shape>
			<Polygon POINTS="80 1128 78 1141 766 1148 768 1138 768 1101 728 1090 727 1090 725 1090 681 1100 675 1101 443 1098 438 1096 419 1086 418 1086 379 1084 342 1084 340 1084 339 1084 337 1084 323 1093 317 1097 296 1097 293 1093 284 1084 284 1083 283 1083 282 1083 280 1083 236 1091 233 1091 231 1091 216 1084 214 1084 213 1084 211 1084 210 1084 203 1090 200 1094 136 1094 131 1088 124 1083 124 1081 123 1081 121 1081 120 1081 80 1087 80 1128"/>
		</Shape>
	        							<String ID="segment_150"
			CONTENT="dont" 
			HPOS="80" 
			VPOS="1085"
			WIDTH="100" 
			HEIGHT="57" 
			WC="0.9825">
						<Shape>
				<Polygon POINTS="127 1084 126 1084 126 1084 126 1084 126 1084 126 1084 126 1084 126 1084 126 1084 79 1127 79 1127 79 1127 79 1127 79 1127 79 1127 79 1127 79 1127 79 1128 79 1128 79 1128 79 1128 79 1128 79 1128 79 1128 79 1128 79 1128 79 1128 79 1128 79 1128 79 1128 79 1128 125 1141 125 1141 125 1141 125 1141 153 1142 178 1142 179 1142 179 1142 179 1142 179 1142 179 1142 179 1142 179 1142 179 1142 179 1142 179 1142 179 1142 179 1142 179 1142 179 1142 179 1142 179 1142 180 1094 180 1093 180 1093 180 1093 180 1093 180 1093 180 1093 180 1093 180 1093 180 1093 180 1093 180 1093 180 1093 180 1093 180 1093 127 1084 127 1084 127 1084"/>
			</Shape>
									<Glyph ID="char_510" 
			       CONTENT="d"
			       HPOS="80"
			       VPOS="1128"
			       WIDTH="0"
			       HEIGHT="0"
			       GC="0.93">
						<Shape>
				<Polygon POINTS="80 1128 80 1128 80 1128 80 1128"/>
			</Shape>
						</Glyph>
						<Glyph ID="char_511" 
			       CONTENT="o"
			       HPOS="126"
			       VPOS="1085"
			       WIDTH="1"
			       HEIGHT="56"
			       GC="1.0">
						<Shape>
				<Polygon POINTS="127 1085 126 1141 126 1141 127 1085"/>
			</Shape>
						</Glyph>
						<Glyph ID="char_512" 
			       CONTENT="n"
			       HPOS="154"
			       VPOS="1094"
			       WIDTH="1"
			       HEIGHT="48"
			       GC="1.0">
						<Shape>
				<Polygon POINTS="155 1094 154 1142 154 1142 155 1094"/>
			</Shape>
						</Glyph>
						<Glyph ID="char_513" 
			       CONTENT="t"
			       HPOS="179"
			       VPOS="1094"
			       WIDTH="1"
			       HEIGHT="48"
			       GC="1.0">
						<Shape>
				<Polygon POINTS="180 1094 179 1142 179 1142 180 1094"/>
			</Shape>
						</Glyph>
					</String>
									<SP ID="segment_151"
		    HPOS="204" 
		    VPOS="1085"
		    WIDTH="5" 
		    HEIGHT="57"/>
									<String ID="segment_152"
			CONTENT="noſtre" 
			HPOS="217" 
			VPOS="1084"
			WIDTH="108" 
			HEIGHT="60" 
			WC="0.98">
						<Shape>
				<Polygon POINTS="275 1083 218 1084 217 1084 217 1084 217 1084 217 1084 217 1084 217 1084 217 1084 217 1084 217 1084 217 1084 217 1084 217 1084 217 1084 217 1084 217 1084 217 1084 216 1141 216 1142 216 1142 216 1142 216 1142 216 1142 216 1142 216 1142 216 1142 216 1142 216 1142 216 1142 216 1142 216 1142 216 1142 216 1142 216 1142 249 1143 323 1144 324 1144 324 1144 324 1144 324 1144 324 1144 324 1144 324 1144 324 1144 324 1144 324 1144 324 1144 324 1144 324 1144 324 1144 324 1144 324 1144 325 1092 325 1091 325 1091 325 1091 325 1091 325 1091 325 1091 325 1091 325 1091 325 1091 325 1091 325 1091 325 1091 325 1091 325 1091 325 1091 275 1083 275 1083"/>
			</Shape>
									<Glyph ID="char_515" 
			       CONTENT="n"
			       HPOS="217"
			       VPOS="1085"
			       WIDTH="1"
			       HEIGHT="57"
			       GC="0.9767">
						<Shape>
				<Polygon POINTS="218 1085 217 1142 217 1142 218 1085"/>
			</Shape>
						</Glyph>
						<Glyph ID="char_516" 
			       CONTENT="o"
			       HPOS="250"
			       VPOS="1088"
			       WIDTH="1"
			       HEIGHT="55"
			       GC="0.9997">
						<Shape>
				<Polygon POINTS="251 1088 250 1143 250 1143 251 1088"/>
			</Shape>
						</Glyph>
						<Glyph ID="char_517" 
			       CONTENT="ſ"
			       HPOS="274"
			       VPOS="1084"
			       WIDTH="1"
			       HEIGHT="59"
			       GC="0.9035">
						<Shape>
				<Polygon POINTS="275 1084 274 1143 274 1143 275 1084"/>
			</Shape>
						</Glyph>
						<Glyph ID="char_518" 
			       CONTENT="t"
			       HPOS="287"
			       VPOS="1088"
			       WIDTH="5"
			       HEIGHT="55"
			       GC="1.0">
						<Shape>
				<Polygon POINTS="288 1088 287 1143 291 1143 292 1092"/>
			</Shape>
						</Glyph>
						<Glyph ID="char_519" 
			       CONTENT="r"
			       HPOS="308"
			       VPOS="1097"
			       WIDTH="0"
			       HEIGHT="46"
			       GC="1.0">
						<Shape>
				<Polygon POINTS="308 1097 308 1143 308 1143 308 1097"/>
			</Shape>
						</Glyph>
						<Glyph ID="char_520" 
			       CONTENT="e"
			       HPOS="324"
			       VPOS="1092"
			       WIDTH="1"
			       HEIGHT="52"
			       GC="1.0">
						<Shape>
				<Polygon POINTS="325 1092 324 1144 324 1144 325 1092"/>
			</Shape>
						</Glyph>
					</String>
									<SP ID="segment_153"
		    HPOS="353" 
		    VPOS="1084"
		    WIDTH="5" 
		    HEIGHT="60"/>
									<String ID="segment_154"
			CONTENT="Dieu" 
			HPOS="366" 
			VPOS="1084"
			WIDTH="78" 
			HEIGHT="61" 
			WC="0.9999">
						<Shape>
				<Polygon POINTS="367 1083 366 1083 366 1083 366 1083 366 1083 366 1083 366 1083 366 1083 366 1083 366 1083 366 1083 366 1083 366 1083 366 1083 366 1083 366 1083 366 1083 365 1143 365 1144 365 1144 365 1144 365 1144 365 1144 365 1144 365 1144 365 1144 365 1144 365 1144 365 1144 365 1144 365 1144 365 1144 365 1144 365 1144 422 1145 444 1145 444 1145 444 1145 444 1145 444 1145 444 1145 444 1145 444 1145 444 1145 444 1145 444 1145 444 1145 444 1145 444 1145 444 1145 444 1145 444 1145 444 1098 444 1097 444 1097 444 1097 444 1097 444 1097 444 1097 444 1097 444 1097 444 1097 444 1097 444 1097 424 1087 424 1087 424 1087 424 1087 408 1084 408 1084 408 1084 367 1083"/>
			</Shape>
									<Glyph ID="char_522" 
			       CONTENT="D"
			       HPOS="366"
			       VPOS="1084"
			       WIDTH="1"
			       HEIGHT="60"
			       GC="0.9997">
						<Shape>
				<Polygon POINTS="367 1084 366 1144 366 1144 367 1084"/>
			</Shape>
						</Glyph>
						<Glyph ID="char_523" 
			       CONTENT="i"
			       HPOS="407"
			       VPOS="1085"
			       WIDTH="1"
			       HEIGHT="59"
			       GC="1.0">
						<Shape>
				<Polygon POINTS="408 1085 407 1144 407 1144 408 1085"/>
			</Shape>
						</Glyph>
						<Glyph ID="char_524" 
			       CONTENT="e"
			       HPOS="423"
			       VPOS="1088"
			       WIDTH="1"
			       HEIGHT="57"
			       GC="1.0">
						<Shape>
				<Polygon POINTS="424 1088 423 1145 423 1145 424 1088"/>
			</Shape>
						</Glyph>
						<Glyph ID="char_525" 
			       CONTENT="u"
			       HPOS="444"
			       VPOS="1098"
			       WIDTH="0"
			       HEIGHT="47"
			       GC="1.0">
						<Shape>
				<Polygon POINTS="444 1098 444 1145 444 1145 444 1098"/>
			</Shape>
						</Glyph>
					</String>
									<SP ID="segment_155"
		    HPOS="469" 
		    VPOS="1098"
		    WIDTH="8" 
		    HEIGHT="47"/>
									<String ID="segment_156"
			CONTENT="vous" 
			HPOS="485" 
			VPOS="1099"
			WIDTH="79" 
			HEIGHT="47" 
			WC="0.9993">
						<Shape>
				<Polygon POINTS="485 1098 484 1098 484 1098 484 1098 484 1098 484 1098 484 1098 484 1098 484 1098 484 1098 484 1098 484 1098 484 1098 484 1098 484 1098 484 1098 484 1099 484 1145 484 1145 484 1145 484 1145 484 1145 484 1145 484 1145 484 1145 484 1145 484 1145 484 1145 484 1145 484 1145 484 1145 484 1145 484 1145 485 1145 539 1146 564 1146 564 1146 564 1146 564 1146 564 1146 564 1146 564 1146 564 1146 564 1146 564 1146 564 1146 564 1146 564 1146 564 1146 564 1146 564 1146 564 1146 564 1100 564 1099 564 1099 564 1099 564 1099 564 1099 564 1099 564 1099 564 1099 564 1099 564 1099 564 1099 564 1099 564 1099 564 1099 564 1099 564 1099 539 1098 485 1098"/>
			</Shape>
									<Glyph ID="char_527" 
			       CONTENT="v"
			       HPOS="485"
			       VPOS="1099"
			       WIDTH="0"
			       HEIGHT="46"
			       GC="0.9989">
						<Shape>
				<Polygon POINTS="485 1099 485 1145 485 1145 485 1099"/>
			</Shape>
						</Glyph>
						<Glyph ID="char_528" 
			       CONTENT="o"
			       HPOS="510"
			       VPOS="1099"
			       WIDTH="0"
			       HEIGHT="46"
			       GC="1.0">
						<Shape>
				<Polygon POINTS="510 1099 510 1145 510 1145 510 1099"/>
			</Shape>
						</Glyph>
						<Glyph ID="char_529" 
			       CONTENT="u"
			       HPOS="539"
			       VPOS="1099"
			       WIDTH="0"
			       HEIGHT="47"
			       GC="0.9996">
						<Shape>
				<Polygon POINTS="539 1099 539 1146 539 1146 539 1099"/>
			</Shape>
						</Glyph>
						<Glyph ID="char_530" 
			       CONTENT="s"
			       HPOS="564"
			       VPOS="1100"
			       WIDTH="0"
			       HEIGHT="46"
			       GC="0.9987">
						<Shape>
				<Polygon POINTS="564 1100 564 1146 564 1146 564 1100"/>
			</Shape>
						</Glyph>
					</String>
									<SP ID="segment_157"
		    HPOS="585" 
		    VPOS="1100"
		    WIDTH="4" 
		    HEIGHT="46"/>
									<String ID="segment_158"
			CONTENT="a" 
			HPOS="597" 
			VPOS="1100"
			WIDTH="4" 
			HEIGHT="46" 
			WC="1.0">
						<Shape>
				<Polygon POINTS="597 1100 597 1146 601 1146 601 1100 597 1100"/>
			</Shape>
									<Glyph ID="char_532" 
			       CONTENT="a"
			       HPOS="597"
			       VPOS="1100"
			       WIDTH="4"
			       HEIGHT="46"
			       GC="1.0">
						<Shape>
				<Polygon POINTS="597 1100 597 1146 601 1146 601 1100"/>
			</Shape>
						</Glyph>
					</String>
									<SP ID="segment_159"
		    HPOS="630" 
		    VPOS="1100"
		    WIDTH="9" 
		    HEIGHT="47"/>
									<String ID="segment_160"
			CONTENT="rendu" 
			HPOS="647" 
			VPOS="1092"
			WIDTH="100" 
			HEIGHT="56" 
			WC="0.915">
						<Shape>
				<Polygon POINTS="718 1091 717 1091 646 1100 646 1100 646 1100 646 1100 646 1100 646 1100 646 1100 646 1100 646 1100 646 1100 646 1100 646 1100 646 1100 646 1100 646 1100 646 1101 646 1147 646 1147 646 1147 646 1147 646 1147 646 1147 646 1147 646 1147 646 1147 646 1147 646 1147 646 1147 646 1147 646 1147 646 1147 646 1147 647 1147 745 1148 746 1148 746 1148 746 1148 746 1148 746 1148 746 1148 746 1148 746 1148 746 1148 746 1148 746 1148 746 1148 746 1148 746 1148 746 1148 746 1148 747 1095 747 1094 747 1094 747 1094 747 1094 747 1094 747 1094 747 1094 747 1094 747 1094 747 1094 747 1094 747 1094 747 1094 747 1094 747 1094 718 1091 718 1091"/>
			</Shape>
									<Glyph ID="char_534" 
			       CONTENT="r"
			       HPOS="647"
			       VPOS="1101"
			       WIDTH="0"
			       HEIGHT="46"
			       GC="0.7185">
						<Shape>
				<Polygon POINTS="647 1101 647 1147 647 1147 647 1101"/>
			</Shape>
						</Glyph>
						<Glyph ID="char_535" 
			       CONTENT="e"
			       HPOS="668"
			       VPOS="1101"
			       WIDTH="0"
			       HEIGHT="46"
			       GC="0.8586">
						<Shape>
				<Polygon POINTS="668 1101 668 1147 668 1147 668 1101"/>
			</Shape>
						</Glyph>
						<Glyph ID="char_536" 
			       CONTENT="n"
			       HPOS="688"
			       VPOS="1098"
			       WIDTH="0"
			       HEIGHT="49"
			       GC="0.9997">
						<Shape>
				<Polygon POINTS="688 1098 688 1147 688 1147 688 1098"/>
			</Shape>
						</Glyph>
						<Glyph ID="char_537" 
			       CONTENT="d"
			       HPOS="717"
			       VPOS="1092"
			       WIDTH="1"
			       HEIGHT="55"
			       GC="0.9996">
						<Shape>
				<Polygon POINTS="718 1092 717 1147 717 1147 718 1092"/>
			</Shape>
						</Glyph>
						<Glyph ID="char_538" 
			       CONTENT="u"
			       HPOS="746"
			       VPOS="1095"
			       WIDTH="1"
			       HEIGHT="53"
			       GC="0.9983">
						<Shape>
				<Polygon POINTS="747 1095 746 1148 746 1148 747 1095"/>
			</Shape>
						</Glyph>
					</String>
				</TextLine>
										<TextLine ID="line_19"
	  HPOS="78"
	  VPOS="1138" 
	  WIDTH="689" 
	  HEIGHT="76"	  BASELINE="80 1186 767 1196"
	                                          TAGREFS="TYPE_1"                                                                                                                                  >
			<Shape>
			<Polygon POINTS="80 1186 78 1193 130 1196 147 1207 148 1207 150 1207 151 1207 196 1197 219 1207 220 1207 221 1207 223 1207 247 1197 250 1197 253 1197 283 1206 284 1206 286 1206 350 1200 367 1199 375 1200 406 1211 408 1211 472 1213 473 1213 475 1213 476 1213 476 1211 486 1203 489 1201 595 1206 617 1206 627 1214 628 1214 630 1214 631 1214 766 1209 767 1196 767 1158 746 1147 744 1147 743 1147 677 1157 668 1158 548 1157 545 1154 531 1144 529 1144 528 1144 526 1144 455 1151 441 1144 439 1144 438 1144 436 1144 435 1144 425 1151 420 1156 389 1156 370 1150 327 1141 326 1141 325 1141 303 1148 292 1153 254 1147 216 1143 214 1143 213 1143 201 1147 191 1150 189 1146 180 1140 180 1138 178 1138 177 1138 176 1138 146 1146 136 1147 131 1144 121 1138 120 1138 118 1138 117 1138 80 1143 80 1186"/>
		</Shape>
	        							<String ID="segment_161"
			CONTENT="d’eſprit" 
			HPOS="80" 
			VPOS="1139"
			WIDTH="149" 
			HEIGHT="67" 
			WC="0.9053">
						<Shape>
				<Polygon POINTS="171 1138 124 1139 123 1139 123 1139 123 1139 123 1139 123 1139 123 1139 123 1139 123 1139 79 1185 79 1185 79 1185 79 1185 79 1185 79 1185 79 1185 79 1185 79 1186 79 1186 79 1186 79 1186 79 1186 79 1186 79 1186 79 1186 79 1186 79 1186 79 1186 79 1186 79 1186 79 1186 155 1206 155 1206 155 1206 227 1205 228 1205 228 1205 228 1205 228 1205 228 1205 228 1205 228 1205 228 1205 228 1205 228 1205 228 1205 228 1205 228 1205 228 1205 228 1205 228 1205 229 1144 229 1143 229 1143 229 1143 229 1143 229 1143 229 1143 229 1143 229 1143 229 1143 229 1143 229 1143 229 1143 229 1143 229 1143 229 1143 171 1138 171 1138"/>
			</Shape>
									<Glyph ID="char_539" 
			       CONTENT="d"
			       HPOS="80"
			       VPOS="1186"
			       WIDTH="0"
			       HEIGHT="0"
			       GC="0.9364">
						<Shape>
				<Polygon POINTS="80 1186 80 1186 80 1186 80 1186"/>
			</Shape>
						</Glyph>
						<Glyph ID="char_540" 
			       CONTENT="’"
			       HPOS="123"
			       VPOS="1140"
			       WIDTH="1"
			       HEIGHT="56"
			       GC="0.9188">
						<Shape>
				<Polygon POINTS="124 1140 123 1196 123 1196 124 1140"/>
			</Shape>
						</Glyph>
						<Glyph ID="char_541" 
			       CONTENT="e"
			       HPOS="132"
			       VPOS="1145"
			       WIDTH="1"
			       HEIGHT="52"
			       GC="1.0">
						<Shape>
				<Polygon POINTS="133 1145 132 1197 132 1197 133 1145"/>
			</Shape>
						</Glyph>
						<Glyph ID="char_542" 
			       CONTENT="ſ"
			       HPOS="156"
			       VPOS="1143"
			       WIDTH="1"
			       HEIGHT="63"
			       GC="1.0">
						<Shape>
				<Polygon POINTS="157 1143 156 1206 156 1206 157 1143"/>
			</Shape>
						</Glyph>
						<Glyph ID="char_543" 
			       CONTENT="p"
			       HPOS="170"
			       VPOS="1139"
			       WIDTH="1"
			       HEIGHT="64"
			       GC="0.5971">
						<Shape>
				<Polygon POINTS="171 1139 170 1203 170 1203 171 1139"/>
			</Shape>
						</Glyph>
						<Glyph ID="char_544" 
			       CONTENT="r"
			       HPOS="194"
			       VPOS="1149"
			       WIDTH="1"
			       HEIGHT="48"
			       GC="0.9704">
						<Shape>
				<Polygon POINTS="195 1149 194 1197 194 1197 195 1149"/>
			</Shape>
						</Glyph>
						<Glyph ID="char_545" 
			       CONTENT="i"
			       HPOS="213"
			       VPOS="1143"
			       WIDTH="1"
			       HEIGHT="61"
			       GC="0.8195">
						<Shape>
				<Polygon POINTS="214 1143 213 1204 213 1204 214 1143"/>
			</Shape>
						</Glyph>
						<Glyph ID="char_546" 
			       CONTENT="t"
			       HPOS="228"
			       VPOS="1144"
			       WIDTH="1"
			       HEIGHT="61"
			       GC="1.0">
						<Shape>
				<Polygon POINTS="229 1144 228 1205 228 1205 229 1144"/>
			</Shape>
						</Glyph>
					</String>
									<SP ID="segment_162"
		    HPOS="251" 
		    VPOS="1147"
		    WIDTH="6" 
		    HEIGHT="51"/>
									<String ID="segment_163"
			CONTENT="&amp;" 
			HPOS="266" 
			VPOS="1149"
			WIDTH="1" 
			HEIGHT="52" 
			WC="1.0">
						<Shape>
				<Polygon POINTS="267 1148 266 1148 266 1148 266 1148 266 1148 266 1148 266 1148 266 1148 266 1148 266 1148 266 1148 266 1148 266 1148 266 1148 266 1148 266 1148 266 1148 265 1200 265 1201 265 1201 265 1201 265 1201 265 1201 265 1201 265 1201 265 1201 265 1201 265 1201 265 1201 265 1201 265 1201 265 1201 265 1201 265 1201 266 1201 266 1201 266 1201 266 1201 266 1201 266 1201 266 1201 266 1201 266 1201 266 1201 266 1201 266 1201 266 1201 266 1201 266 1201 266 1201 267 1149 267 1148 267 1148 267 1148 267 1148 267 1148 267 1148 267 1148 267 1148 267 1148 267 1148 267 1148 267 1148 267 1148 267 1148 267 1148 267 1148"/>
			</Shape>
									<Glyph ID="char_548" 
			       CONTENT="&amp;"
			       HPOS="266"
			       VPOS="1149"
			       WIDTH="1"
			       HEIGHT="52"
			       GC="1.0">
						<Shape>
				<Polygon POINTS="267 1149 266 1201 266 1201 267 1149"/>
			</Shape>
						</Glyph>
					</String>
									<SP ID="segment_164"
		    HPOS="308" 
		    VPOS="1145"
		    WIDTH="6" 
		    HEIGHT="59"/>
									<String ID="segment_165"
			CONTENT="de" 
			HPOS="318" 
			VPOS="1143"
			WIDTH="29" 
			HEIGHT="60" 
			WC="1.0">
						<Shape>
				<Polygon POINTS="319 1142 318 1142 318 1142 318 1142 318 1142 318 1142 318 1142 318 1142 318 1142 318 1142 318 1142 318 1142 318 1142 318 1142 318 1142 318 1142 318 1142 317 1202 317 1203 317 1203 317 1203 317 1203 317 1203 317 1203 317 1203 317 1203 317 1203 317 1203 317 1203 317 1203 317 1203 317 1203 317 1203 317 1203 318 1203 346 1200 346 1200 346 1200 346 1200 346 1200 346 1200 346 1200 346 1200 346 1200 346 1200 346 1200 346 1200 346 1200 346 1200 346 1200 346 1200 347 1145 347 1144 347 1144 347 1144 347 1144 347 1144 347 1144 347 1144 347 1144 347 1144 347 1144 347 1144 347 1144 347 1144 347 1144 347 1144 319 1142 319 1142"/>
			</Shape>
									<Glyph ID="char_550" 
			       CONTENT="d"
			       HPOS="318"
			       VPOS="1143"
			       WIDTH="1"
			       HEIGHT="60"
			       GC="1.0">
						<Shape>
				<Polygon POINTS="319 1143 318 1203 318 1203 319 1143"/>
			</Shape>
						</Glyph>
						<Glyph ID="char_551" 
			       CONTENT="e"
			       HPOS="346"
			       VPOS="1145"
			       WIDTH="1"
			       HEIGHT="55"
			       GC="1.0">
						<Shape>
				<Polygon POINTS="347 1145 346 1200 346 1200 347 1145"/>
			</Shape>
						</Glyph>
					</String>
									<SP ID="segment_166"
		    HPOS="370" 
		    VPOS="1150"
		    WIDTH="6" 
		    HEIGHT="50"/>
									<String ID="segment_167"
			CONTENT="corps" 
			HPOS="385" 
			VPOS="1144"
			WIDTH="100" 
			HEIGHT="68" 
			WC="0.9975">
						<Shape>
				<Polygon POINTS="438 1143 437 1143 437 1143 384 1154 384 1154 384 1154 384 1154 384 1154 384 1154 384 1154 384 1154 384 1154 384 1154 384 1154 384 1154 384 1154 384 1154 384 1155 384 1203 384 1203 384 1203 384 1203 384 1203 384 1203 384 1203 384 1203 384 1203 384 1203 384 1203 384 1203 384 1203 384 1203 408 1211 436 1212 455 1212 456 1212 456 1212 456 1212 484 1205 484 1205 484 1205 484 1205 484 1205 484 1205 484 1205 484 1205 484 1205 484 1205 484 1205 484 1205 484 1205 484 1205 485 1148 485 1147 485 1147 485 1147 485 1147 485 1147 485 1147 485 1147 485 1147 485 1147 485 1147 485 1147 485 1147 485 1147 485 1147 485 1147 438 1143 438 1143"/>
			</Shape>
									<Glyph ID="char_553" 
			       CONTENT="c"
			       HPOS="385"
			       VPOS="1155"
			       WIDTH="0"
			       HEIGHT="48"
			       GC="1.0">
						<Shape>
				<Polygon POINTS="385 1155 385 1203 385 1203 385 1155"/>
			</Shape>
						</Glyph>
						<Glyph ID="char_554" 
			       CONTENT="o"
			       HPOS="408"
			       VPOS="1156"
			       WIDTH="5"
			       HEIGHT="55"
			       GC="1.0">
						<Shape>
				<Polygon POINTS="408 1156 408 1211 413 1211 413 1156"/>
			</Shape>
						</Glyph>
						<Glyph ID="char_555" 
			       CONTENT="r"
			       HPOS="437"
			       VPOS="1144"
			       WIDTH="1"
			       HEIGHT="68"
			       GC="1.0">
						<Shape>
				<Polygon POINTS="438 1144 437 1212 437 1212 438 1144"/>
			</Shape>
						</Glyph>
						<Glyph ID="char_556" 
			       CONTENT="p"
			       HPOS="456"
			       VPOS="1151"
			       WIDTH="1"
			       HEIGHT="61"
			       GC="1.0">
						<Shape>
				<Polygon POINTS="457 1151 456 1212 456 1212 457 1151"/>
			</Shape>
						</Glyph>
						<Glyph ID="char_557" 
			       CONTENT="s"
			       HPOS="484"
			       VPOS="1148"
			       WIDTH="1"
			       HEIGHT="57"
			       GC="0.9877">
						<Shape>
				<Polygon POINTS="485 1148 484 1205 484 1205 485 1148"/>
			</Shape>
						</Glyph>
					</String>
									<SP ID="segment_168"
		    HPOS="504" 
		    VPOS="1146"
		    WIDTH="5" 
		    HEIGHT="56"/>
									<String ID="segment_169"
			CONTENT="ſi" 
			HPOS="518" 
			VPOS="1145"
			WIDTH="15" 
			HEIGHT="58" 
			WC="1.0">
						<Shape>
				<Polygon POINTS="533 1144 519 1144 518 1144 518 1144 518 1144 518 1144 518 1144 518 1144 518 1144 518 1144 518 1144 518 1144 518 1144 518 1144 518 1144 518 1144 518 1144 518 1144 517 1201 517 1202 517 1202 517 1202 517 1202 517 1202 517 1202 517 1202 517 1202 517 1202 517 1202 517 1202 517 1202 517 1202 517 1202 517 1202 531 1203 531 1203 532 1203 532 1203 532 1203 532 1203 532 1203 532 1203 532 1203 532 1203 532 1203 532 1203 532 1203 532 1203 532 1203 532 1203 532 1203 532 1203 533 1145 533 1144 533 1144 533 1144 533 1144 533 1144 533 1144 533 1144 533 1144 533 1144 533 1144 533 1144 533 1144 533 1144 533 1144 533 1144 533 1144"/>
			</Shape>
									<Glyph ID="char_559" 
			       CONTENT="ſ"
			       HPOS="518"
			       VPOS="1145"
			       WIDTH="1"
			       HEIGHT="57"
			       GC="1.0">
						<Shape>
				<Polygon POINTS="519 1145 518 1202 518 1202 519 1145"/>
			</Shape>
						</Glyph>
						<Glyph ID="char_560" 
			       CONTENT="i"
			       HPOS="532"
			       VPOS="1145"
			       WIDTH="1"
			       HEIGHT="58"
			       GC="1.0">
						<Shape>
				<Polygon POINTS="533 1145 532 1203 532 1203 533 1145"/>
			</Shape>
						</Glyph>
					</String>
									<SP ID="segment_170"
		    HPOS="551" 
		    VPOS="1157"
		    WIDTH="5" 
		    HEIGHT="47"/>
									<String ID="segment_171"
			CONTENT="accompli." 
			HPOS="565" 
			VPOS="1147"
			WIDTH="202" 
			HEIGHT="67" 
			WC="0.9758">
						<Shape>
				<Polygon POINTS="747 1147 564 1156 564 1156 564 1156 564 1156 564 1156 564 1156 564 1156 564 1156 564 1156 564 1156 564 1156 564 1156 564 1156 564 1156 564 1156 564 1157 564 1205 564 1205 564 1205 564 1205 564 1205 564 1205 564 1205 564 1205 564 1205 564 1205 564 1205 564 1205 564 1205 564 1205 564 1205 564 1205 636 1214 637 1214 665 1213 751 1210 767 1196 767 1196 767 1196 767 1196 767 1196 767 1196 767 1196 767 1196 767 1196 767 1196 767 1195 767 1195 767 1195 752 1150 747 1147"/>
			</Shape>
									<Glyph ID="char_562" 
			       CONTENT="a"
			       HPOS="565"
			       VPOS="1157"
			       WIDTH="0"
			       HEIGHT="48"
			       GC="0.9988">
						<Shape>
				<Polygon POINTS="565 1157 565 1205 565 1205 565 1157"/>
			</Shape>
						</Glyph>
						<Glyph ID="char_563" 
			       CONTENT="c"
			       HPOS="589"
			       VPOS="1157"
			       WIDTH="0"
			       HEIGHT="49"
			       GC="0.9997">
						<Shape>
				<Polygon POINTS="589 1157 589 1206 589 1206 589 1157"/>
			</Shape>
						</Glyph>
						<Glyph ID="char_564" 
			       CONTENT="c"
			       HPOS="613"
			       VPOS="1158"
			       WIDTH="0"
			       HEIGHT="48"
			       GC="0.9556">
						<Shape>
				<Polygon POINTS="613 1158 613 1206 613 1206 613 1158"/>
			</Shape>
						</Glyph>
						<Glyph ID="char_565" 
			       CONTENT="o"
			       HPOS="637"
			       VPOS="1158"
			       WIDTH="0"
			       HEIGHT="56"
			       GC="0.9859">
						<Shape>
				<Polygon POINTS="637 1158 637 1214 637 1214 637 1158"/>
			</Shape>
						</Glyph>
						<Glyph ID="char_566" 
			       CONTENT="m"
			       HPOS="665"
			       VPOS="1158"
			       WIDTH="0"
			       HEIGHT="55"
			       GC="0.9999">
						<Shape>
				<Polygon POINTS="665 1158 665 1213 665 1213 665 1158"/>
			</Shape>
						</Glyph>
						<Glyph ID="char_567" 
			       CONTENT="p"
			       HPOS="708"
			       VPOS="1152"
			       WIDTH="1"
			       HEIGHT="59"
			       GC="0.9999">
						<Shape>
				<Polygon POINTS="709 1152 708 1211 708 1211 709 1152"/>
			</Shape>
						</Glyph>
						<Glyph ID="char_568" 
			       CONTENT="l"
			       HPOS="732"
			       VPOS="1149"
			       WIDTH="1"
			       HEIGHT="61"
			       GC="0.9999">
						<Shape>
				<Polygon POINTS="733 1149 732 1210 732 1210 733 1149"/>
			</Shape>
						</Glyph>
						<Glyph ID="char_569" 
			       CONTENT="i"
			       HPOS="746"
			       VPOS="1147"
			       WIDTH="6"
			       HEIGHT="63"
			       GC="0.9995">
						<Shape>
				<Polygon POINTS="747 1147 746 1210 751 1210 752 1150"/>
			</Shape>
						</Glyph>
						<Glyph ID="char_570" 
			       CONTENT="."
			       HPOS="767"
			       VPOS="1196"
			       WIDTH="0"
			       HEIGHT="0"
			       GC="0.8431">
						<Shape>
				<Polygon POINTS="767 1196 767 1196 767 1196 767 1196"/>
			</Shape>
						</Glyph>
					</String>
				</TextLine>
										<TextLine ID="line_20"
	  HPOS="87"
	  VPOS="1193" 
	  WIDTH="679" 
	  HEIGHT="77"	  BASELINE="88 1240 766 1250"
	                                          TAGREFS="TYPE_1"                                                                                                                                  >
			<Shape>
			<Polygon POINTS="88 1240 87 1250 213 1253 236 1263 237 1263 239 1263 240 1263 257 1256 433 1266 435 1266 472 1260 482 1267 483 1267 485 1267 486 1267 559 1261 568 1269 569 1269 571 1269 572 1269 624 1261 730 1270 731 1270 733 1270 764 1260 766 1250 764 1217 609 1216 594 1210 557 1200 555 1200 554 1200 552 1200 528 1209 516 1211 501 1207 479 1200 478 1200 476 1200 475 1200 458 1206 436 1211 398 1203 367 1197 366 1197 365 1197 363 1197 357 1201 352 1207 329 1201 315 1197 313 1197 312 1197 310 1197 309 1197 306 1200 293 1210 257 1210 246 1199 246 1197 244 1197 243 1197 219 1196 217 1196 216 1196 211 1197 180 1207 151 1194 150 1194 148 1194 88 1193 88 1240"/>
		</Shape>
	        							<String ID="segment_172"
			CONTENT="Vous" 
			HPOS="88" 
			VPOS="1194"
			WIDTH="104" 
			HEIGHT="58" 
			WC="0.9348">
						<Shape>
				<Polygon POINTS="136 1193 135 1193 135 1193 135 1193 135 1193 135 1193 135 1193 135 1193 135 1193 87 1239 87 1239 87 1239 87 1239 87 1239 87 1239 87 1239 87 1239 87 1240 87 1240 87 1240 87 1240 87 1240 87 1240 87 1240 87 1240 87 1240 87 1240 87 1240 87 1240 87 1240 87 1240 87 1240 134 1251 134 1251 134 1251 162 1252 190 1252 191 1252 191 1252 191 1252 191 1252 191 1252 191 1252 191 1252 191 1252 191 1252 191 1252 191 1252 191 1252 191 1252 191 1252 191 1252 191 1252 192 1203 192 1202 192 1202 192 1202 192 1202 192 1202 192 1202 192 1202 192 1202 192 1202 192 1202 192 1202 192 1202 192 1202 192 1202 192 1202 136 1193 136 1193"/>
			</Shape>
									<Glyph ID="char_571" 
			       CONTENT="V"
			       HPOS="88"
			       VPOS="1240"
			       WIDTH="0"
			       HEIGHT="0"
			       GC="0.9955">
						<Shape>
				<Polygon POINTS="88 1240 88 1240 88 1240 88 1240"/>
			</Shape>
						</Glyph>
						<Glyph ID="char_572" 
			       CONTENT="o"
			       HPOS="135"
			       VPOS="1194"
			       WIDTH="1"
			       HEIGHT="57"
			       GC="1.0">
						<Shape>
				<Polygon POINTS="136 1194 135 1251 135 1251 136 1194"/>
			</Shape>
						</Glyph>
						<Glyph ID="char_573" 
			       CONTENT="u"
			       HPOS="163"
			       VPOS="1200"
			       WIDTH="1"
			       HEIGHT="52"
			       GC="1.0">
						<Shape>
				<Polygon POINTS="164 1200 163 1252 163 1252 164 1200"/>
			</Shape>
						</Glyph>
						<Glyph ID="char_574" 
			       CONTENT="s"
			       HPOS="191"
			       VPOS="1203"
			       WIDTH="1"
			       HEIGHT="49"
			       GC="0.7435">
						<Shape>
				<Polygon POINTS="192 1203 191 1252 191 1252 192 1203"/>
			</Shape>
						</Glyph>
					</String>
									<SP ID="segment_173"
		    HPOS="215" 
		    VPOS="1196"
		    WIDTH="5" 
		    HEIGHT="60"/>
									<String ID="segment_174"
			CONTENT="face" 
			HPOS="224" 
			VPOS="1196"
			WIDTH="70" 
			HEIGHT="66" 
			WC="0.9042">
						<Shape>
				<Polygon POINTS="225 1195 224 1195 224 1195 224 1195 224 1195 224 1195 224 1195 224 1195 224 1195 224 1195 224 1195 224 1195 224 1195 224 1195 224 1195 224 1195 224 1195 223 1257 223 1258 223 1258 223 1258 223 1258 223 1258 223 1258 223 1258 223 1258 223 1258 223 1258 223 1258 223 1258 223 1258 223 1258 243 1262 294 1258 294 1258 294 1258 294 1258 294 1258 294 1258 294 1258 294 1258 294 1258 294 1258 294 1258 294 1258 294 1258 294 1258 294 1258 294 1258 294 1209 294 1208 294 1208 294 1208 294 1208 294 1208 294 1208 294 1208 294 1208 294 1208 294 1208 294 1208 294 1208 294 1208 294 1208 244 1197 225 1195 225 1195"/>
			</Shape>
									<Glyph ID="char_576" 
			       CONTENT="f"
			       HPOS="224"
			       VPOS="1196"
			       WIDTH="1"
			       HEIGHT="62"
			       GC="0.9994">
						<Shape>
				<Polygon POINTS="225 1196 224 1258 224 1258 225 1196"/>
			</Shape>
						</Glyph>
						<Glyph ID="char_577" 
			       CONTENT="a"
			       HPOS="243"
			       VPOS="1197"
			       WIDTH="5"
			       HEIGHT="65"
			       GC="0.9903">
						<Shape>
				<Polygon POINTS="244 1197 243 1262 247 1260 248 1201"/>
			</Shape>
						</Glyph>
						<Glyph ID="char_578" 
			       CONTENT="c"
			       HPOS="271"
			       VPOS="1210"
			       WIDTH="0"
			       HEIGHT="47"
			       GC="0.9999">
						<Shape>
				<Polygon POINTS="271 1210 271 1257 271 1257 271 1210"/>
			</Shape>
						</Glyph>
						<Glyph ID="char_579" 
			       CONTENT="e"
			       HPOS="294"
			       VPOS="1209"
			       WIDTH="0"
			       HEIGHT="49"
			       GC="0.6273">
						<Shape>
				<Polygon POINTS="294 1209 294 1258 294 1258 294 1209"/>
			</Shape>
						</Glyph>
					</String>
									<SP ID="segment_175"
		    HPOS="313" 
		    VPOS="1197"
		    WIDTH="6" 
		    HEIGHT="62"/>
									<String ID="segment_176"
			CONTENT="ſa" 
			HPOS="322" 
			VPOS="1199"
			WIDTH="20" 
			HEIGHT="62" 
			WC="0.9999">
						<Shape>
				<Polygon POINTS="323 1198 322 1198 322 1198 322 1198 322 1198 322 1198 322 1198 322 1198 322 1198 322 1198 322 1198 322 1198 322 1198 322 1198 322 1198 322 1198 322 1198 321 1259 321 1260 321 1260 321 1260 321 1260 321 1260 321 1260 321 1260 321 1260 321 1260 321 1260 321 1260 321 1260 321 1260 321 1260 321 1260 321 1260 340 1261 341 1261 341 1261 341 1261 341 1261 341 1261 341 1261 341 1261 341 1261 341 1261 341 1261 341 1261 341 1261 341 1261 341 1261 341 1261 341 1261 342 1204 342 1203 342 1203 342 1203 342 1203 342 1203 342 1203 342 1203 342 1203 342 1203 342 1203 342 1203 342 1203 342 1203 342 1203 323 1198 323 1198 323 1198"/>
			</Shape>
									<Glyph ID="char_581" 
			       CONTENT="ſ"
			       HPOS="322"
			       VPOS="1199"
			       WIDTH="1"
			       HEIGHT="61"
			       GC="0.9998">
						<Shape>
				<Polygon POINTS="323 1199 322 1260 322 1260 323 1199"/>
			</Shape>
						</Glyph>
						<Glyph ID="char_582" 
			       CONTENT="a"
			       HPOS="341"
			       VPOS="1204"
			       WIDTH="1"
			       HEIGHT="57"
			       GC="1.0">
						<Shape>
				<Polygon POINTS="342 1204 341 1261 341 1261 342 1204"/>
			</Shape>
						</Glyph>
					</String>
									<SP ID="segment_177"
		    HPOS="369" 
		    VPOS="1198"
		    WIDTH="6" 
		    HEIGHT="65"/>
									<String ID="segment_178"
			CONTENT="bonté," 
			HPOS="379" 
			VPOS="1199"
			WIDTH="140" 
			HEIGHT="68" 
			WC="0.9588">
						<Shape>
				<Polygon POINTS="380 1198 379 1198 379 1198 379 1198 379 1198 379 1198 379 1198 379 1198 379 1198 379 1198 379 1198 379 1198 379 1198 379 1198 379 1198 379 1198 379 1198 378 1262 378 1263 378 1263 378 1263 378 1263 378 1263 378 1263 378 1263 378 1263 378 1263 378 1263 378 1263 378 1263 378 1263 378 1263 378 1263 378 1263 411 1265 486 1267 487 1267 515 1265 519 1264 519 1210 488 1202 488 1202 488 1202 469 1201 380 1198"/>
			</Shape>
									<Glyph ID="char_584" 
			       CONTENT="b"
			       HPOS="379"
			       VPOS="1199"
			       WIDTH="1"
			       HEIGHT="64"
			       GC="1.0">
						<Shape>
				<Polygon POINTS="380 1199 379 1263 379 1263 380 1199"/>
			</Shape>
						</Glyph>
						<Glyph ID="char_585" 
			       CONTENT="o"
			       HPOS="412"
			       VPOS="1206"
			       WIDTH="1"
			       HEIGHT="59"
			       GC="1.0">
						<Shape>
				<Polygon POINTS="413 1206 412 1265 412 1265 413 1206"/>
			</Shape>
						</Glyph>
						<Glyph ID="char_586" 
			       CONTENT="n"
			       HPOS="440"
			       VPOS="1210"
			       WIDTH="0"
			       HEIGHT="55"
			       GC="0.7121">
						<Shape>
				<Polygon POINTS="440 1210 440 1265 440 1265 440 1210"/>
			</Shape>
						</Glyph>
						<Glyph ID="char_587" 
			       CONTENT="t"
			       HPOS="468"
			       VPOS="1202"
			       WIDTH="1"
			       HEIGHT="59"
			       GC="1.0">
						<Shape>
				<Polygon POINTS="469 1202 468 1261 468 1261 469 1202"/>
			</Shape>
						</Glyph>
						<Glyph ID="char_588" 
			       CONTENT="e"
			       HPOS="487"
			       VPOS="1203"
			       WIDTH="1"
			       HEIGHT="64"
			       GC="0.9998">
						<Shape>
				<Polygon POINTS="488 1203 487 1267 487 1267 488 1203"/>
			</Shape>
						</Glyph>
						<Glyph ID="char_589" 
			       CONTENT="́"
			       HPOS="491"
			       VPOS="1204"
			       WIDTH="6"
			       HEIGHT="63"
			       GC="1.0">
						<Shape>
				<Polygon POINTS="492 1204 491 1267 496 1266 497 1206"/>
			</Shape>
						</Glyph>
						<Glyph ID="char_590" 
			       CONTENT=","
			       HPOS="515"
			       VPOS="1210"
			       WIDTH="4"
			       HEIGHT="55"
			       GC="1.0">
						<Shape>
				<Polygon POINTS="515 1211 515 1265 519 1264 519 1210"/>
			</Shape>
						</Glyph>
					</String>
									<SP ID="segment_179"
		    HPOS="529" 
		    VPOS="1207"
		    WIDTH="6" 
		    HEIGHT="56"/>
									<String ID="segment_180"
			CONTENT="SIRE," 
			HPOS="538" 
			VPOS="1205"
			WIDTH="131" 
			HEIGHT="63" 
			WC="0.994">
						<Shape>
				<Polygon POINTS="539 1204 538 1204 538 1204 538 1204 538 1204 538 1204 538 1204 538 1204 538 1204 538 1204 538 1204 538 1204 538 1204 538 1204 538 1204 538 1204 538 1204 537 1262 537 1263 537 1263 537 1263 537 1263 537 1263 537 1263 537 1263 537 1263 537 1263 537 1263 537 1263 537 1263 537 1263 537 1263 537 1263 579 1268 579 1268 580 1268 669 1265 669 1216 581 1205 581 1205 539 1204"/>
			</Shape>
									<Glyph ID="char_592" 
			       CONTENT="S"
			       HPOS="538"
			       VPOS="1205"
			       WIDTH="1"
			       HEIGHT="58"
			       GC="1.0">
						<Shape>
				<Polygon POINTS="539 1205 538 1263 538 1263 539 1205"/>
			</Shape>
						</Glyph>
						<Glyph ID="char_593" 
			       CONTENT="I"
			       HPOS="580"
			       VPOS="1206"
			       WIDTH="1"
			       HEIGHT="62"
			       GC="1.0">
						<Shape>
				<Polygon POINTS="581 1206 580 1268 580 1268 581 1206"/>
			</Shape>
						</Glyph>
						<Glyph ID="char_594" 
			       CONTENT="R"
			       HPOS="604"
			       VPOS="1214"
			       WIDTH="5"
			       HEIGHT="50"
			       GC="0.9994">
						<Shape>
				<Polygon POINTS="604 1214 604 1264 609 1263 609 1216"/>
			</Shape>
						</Glyph>
						<Glyph ID="char_595" 
			       CONTENT="E"
			       HPOS="646"
			       VPOS="1216"
			       WIDTH="0"
			       HEIGHT="47"
			       GC="0.9707">
						<Shape>
				<Polygon POINTS="646 1216 646 1263 646 1263 646 1216"/>
			</Shape>
						</Glyph>
						<Glyph ID="char_596" 
			       CONTENT=","
			       HPOS="665"
			       VPOS="1216"
			       WIDTH="4"
			       HEIGHT="49"
			       GC="0.9999">
						<Shape>
				<Polygon POINTS="665 1216 665 1264 669 1265 669 1216"/>
			</Shape>
						</Glyph>
					</String>
									<SP ID="segment_181"
		    HPOS="674" 
		    VPOS="1216"
		    WIDTH="0" 
		    HEIGHT="49"/>
									<String ID="segment_182"
			CONTENT="pro¬" 
			HPOS="684" 
			VPOS="1216"
			WIDTH="82" 
			HEIGHT="54" 
			WC="0.9901">
						<Shape>
				<Polygon POINTS="684 1215 683 1215 683 1215 683 1215 683 1215 683 1215 683 1215 683 1215 683 1215 683 1215 683 1215 683 1215 683 1215 683 1215 683 1215 683 1215 683 1216 683 1266 683 1266 683 1266 683 1266 683 1266 683 1266 683 1266 683 1266 683 1266 683 1266 683 1266 683 1266 683 1266 683 1266 683 1266 683 1266 729 1270 730 1270 730 1270 730 1270 730 1270 730 1270 730 1270 766 1250 766 1250 766 1250 766 1250 766 1250 766 1250 766 1250 766 1250 766 1250 766 1250 766 1250 766 1250 766 1249 766 1249 766 1249 766 1249 766 1249 766 1249 766 1249 766 1249 730 1216 730 1216 730 1216 730 1216 730 1216 730 1216 730 1216 730 1216 730 1216 684 1215"/>
			</Shape>
									<Glyph ID="char_598" 
			       CONTENT="p"
			       HPOS="684"
			       VPOS="1216"
			       WIDTH="0"
			       HEIGHT="50"
			       GC="0.9999">
						<Shape>
				<Polygon POINTS="684 1216 684 1266 684 1266 684 1216"/>
			</Shape>
						</Glyph>
						<Glyph ID="char_599" 
			       CONTENT="r"
			       HPOS="707"
			       VPOS="1217"
			       WIDTH="0"
			       HEIGHT="51"
			       GC="0.9998">
						<Shape>
				<Polygon POINTS="707 1217 707 1268 707 1268 707 1217"/>
			</Shape>
						</Glyph>
						<Glyph ID="char_600" 
			       CONTENT="o"
			       HPOS="730"
			       VPOS="1217"
			       WIDTH="0"
			       HEIGHT="53"
			       GC="0.999">
						<Shape>
				<Polygon POINTS="730 1217 730 1270 730 1270 730 1217"/>
			</Shape>
						</Glyph>
						<Glyph ID="char_601" 
			       CONTENT="¬"
			       HPOS="766"
			       VPOS="1250"
			       WIDTH="0"
			       HEIGHT="0"
			       GC="0.9617">
						<Shape>
				<Polygon POINTS="766 1250 766 1250 766 1250 766 1250"/>
			</Shape>
						</Glyph>
					</String>
				</TextLine>
										<TextLine ID="line_21"
	  HPOS="75"
	  VPOS="1256" 
	  WIDTH="691" 
	  HEIGHT="67"	  BASELINE="77 1297 766 1306"
	                                          TAGREFS="TYPE_1"                                                                                                                                  >
			<Shape>
			<Polygon POINTS="77 1297 75 1310 87 1319 88 1319 90 1319 91 1319 190 1310 191 1310 306 1322 307 1322 359 1313 365 1313 376 1313 469 1323 471 1323 764 1322 766 1306 764 1274 710 1274 705 1272 691 1264 690 1264 688 1264 687 1264 665 1272 658 1273 647 1270 620 1264 618 1264 572 1269 538 1272 531 1267 522 1261 521 1261 519 1261 518 1261 486 1266 461 1270 426 1264 398 1260 396 1260 365 1263 306 1269 253 1260 243 1259 77 1256 77 1297"/>
		</Shape>
	        							<String ID="segment_183"
			CONTENT="ſperer" 
			HPOS="77" 
			VPOS="1257"
			WIDTH="127" 
			HEIGHT="61" 
			WC="0.9551">
						<Shape>
				<Polygon POINTS="108 1256 107 1256 107 1256 107 1256 107 1256 107 1256 107 1256 107 1256 107 1256 107 1256 76 1296 76 1296 76 1296 76 1296 76 1296 76 1296 76 1296 76 1297 76 1297 76 1297 76 1297 76 1297 76 1297 76 1297 76 1297 76 1297 76 1297 76 1297 106 1318 106 1318 106 1318 106 1318 106 1318 106 1318 106 1318 107 1318 203 1311 203 1311 203 1311 203 1311 203 1311 203 1311 203 1311 203 1311 203 1311 203 1311 203 1311 203 1311 203 1311 203 1311 203 1311 203 1311 204 1258 204 1257 204 1257 204 1257 204 1257 204 1257 204 1257 204 1257 204 1257 204 1257 204 1257 204 1257 204 1257 204 1257 204 1257 204 1257 204 1257 139 1256 108 1256"/>
			</Shape>
									<Glyph ID="char_602" 
			       CONTENT="ſ"
			       HPOS="77"
			       VPOS="1297"
			       WIDTH="0"
			       HEIGHT="0"
			       GC="0.9957">
						<Shape>
				<Polygon POINTS="77 1297 77 1297 77 1297 77 1297"/>
			</Shape>
						</Glyph>
						<Glyph ID="char_603" 
			       CONTENT="p"
			       HPOS="107"
			       VPOS="1257"
			       WIDTH="1"
			       HEIGHT="61"
			       GC="1.0">
						<Shape>
				<Polygon POINTS="108 1257 107 1318 107 1318 108 1257"/>
			</Shape>
						</Glyph>
						<Glyph ID="char_604" 
			       CONTENT="e"
			       HPOS="138"
			       VPOS="1257"
			       WIDTH="1"
			       HEIGHT="58"
			       GC="1.0">
						<Shape>
				<Polygon POINTS="139 1257 138 1315 138 1315 139 1257"/>
			</Shape>
						</Glyph>
						<Glyph ID="char_605" 
			       CONTENT="r"
			       HPOS="160"
			       VPOS="1258"
			       WIDTH="1"
			       HEIGHT="55"
			       GC="0.8092">
						<Shape>
				<Polygon POINTS="161 1258 160 1313 160 1313 161 1258"/>
			</Shape>
						</Glyph>
						<Glyph ID="char_606" 
			       CONTENT="e"
			       HPOS="177"
			       VPOS="1258"
			       WIDTH="1"
			       HEIGHT="53"
			       GC="0.9989">
						<Shape>
				<Polygon POINTS="178 1258 177 1311 177 1311 178 1258"/>
			</Shape>
						</Glyph>
						<Glyph ID="char_607" 
			       CONTENT="r"
			       HPOS="203"
			       VPOS="1258"
			       WIDTH="1"
			       HEIGHT="53"
			       GC="0.927">
						<Shape>
				<Polygon POINTS="204 1258 203 1311 203 1311 204 1258"/>
			</Shape>
						</Glyph>
					</String>
									<SP ID="segment_184"
		    HPOS="216" 
		    VPOS="1259"
		    WIDTH="6" 
		    HEIGHT="54"/>
									<String ID="segment_185"
			CONTENT="longuement," 
			HPOS="229" 
			VPOS="1259"
			WIDTH="261" 
			HEIGHT="64" 
			WC="0.9879">
						<Shape>
				<Polygon POINTS="243 1258 230 1258 229 1258 229 1258 229 1258 229 1258 229 1258 229 1258 229 1258 229 1258 229 1258 229 1258 229 1258 229 1258 229 1258 229 1258 229 1258 229 1258 228 1313 228 1314 228 1314 228 1314 228 1314 228 1314 228 1314 228 1314 228 1314 228 1314 228 1314 228 1314 228 1314 228 1314 228 1314 228 1314 272 1319 298 1321 299 1321 469 1323 490 1323 490 1323 490 1323 490 1323 490 1323 490 1323 490 1323 490 1323 490 1323 490 1323 490 1323 490 1323 490 1323 490 1323 490 1323 490 1323 490 1323 490 1265 490 1264 490 1264 490 1264 490 1264 490 1264 490 1264 490 1264 490 1264 490 1264 490 1264 490 1264 490 1264 490 1264 490 1264 490 1264 490 1264 377 1261 243 1258"/>
			</Shape>
									<Glyph ID="char_609" 
			       CONTENT="l"
			       HPOS="229"
			       VPOS="1259"
			       WIDTH="1"
			       HEIGHT="55"
			       GC="0.9997">
						<Shape>
				<Polygon POINTS="230 1259 229 1314 229 1314 230 1259"/>
			</Shape>
						</Glyph>
						<Glyph ID="char_610" 
			       CONTENT="o"
			       HPOS="242"
			       VPOS="1259"
			       WIDTH="1"
			       HEIGHT="56"
			       GC="1.0">
						<Shape>
				<Polygon POINTS="243 1259 242 1315 242 1315 243 1259"/>
			</Shape>
						</Glyph>
						<Glyph ID="char_611" 
			       CONTENT="n"
			       HPOS="273"
			       VPOS="1263"
			       WIDTH="0"
			       HEIGHT="56"
			       GC="0.9681">
						<Shape>
				<Polygon POINTS="273 1263 273 1319 273 1319 273 1263"/>
			</Shape>
						</Glyph>
						<Glyph ID="char_612" 
			       CONTENT="g"
			       HPOS="299"
			       VPOS="1268"
			       WIDTH="0"
			       HEIGHT="53"
			       GC="0.9995">
						<Shape>
				<Polygon POINTS="299 1268 299 1321 299 1321 299 1268"/>
			</Shape>
						</Glyph>
						<Glyph ID="char_613" 
			       CONTENT="u"
			       HPOS="325"
			       VPOS="1267"
			       WIDTH="0"
			       HEIGHT="52"
			       GC="1.0">
						<Shape>
				<Polygon POINTS="325 1267 325 1319 325 1319 325 1267"/>
			</Shape>
						</Glyph>
						<Glyph ID="char_614" 
			       CONTENT="e"
			       HPOS="351"
			       VPOS="1264"
			       WIDTH="0"
			       HEIGHT="50"
			       GC="0.9999">
						<Shape>
				<Polygon POINTS="351 1264 351 1314 351 1314 351 1264"/>
			</Shape>
						</Glyph>
						<Glyph ID="char_615" 
			       CONTENT="m"
			       HPOS="377"
			       VPOS="1262"
			       WIDTH="0"
			       HEIGHT="51"
			       GC="1.0">
						<Shape>
				<Polygon POINTS="377 1262 377 1313 377 1313 377 1262"/>
			</Shape>
						</Glyph>
						<Glyph ID="char_616" 
			       CONTENT="e"
			       HPOS="416"
			       VPOS="1263"
			       WIDTH="5"
			       HEIGHT="55"
			       GC="1.0">
						<Shape>
				<Polygon POINTS="416 1263 416 1317 421 1318 421 1263"/>
			</Shape>
						</Glyph>
						<Glyph ID="char_617" 
			       CONTENT="n"
			       HPOS="443"
			       VPOS="1267"
			       WIDTH="0"
			       HEIGHT="53"
			       GC="0.9981">
						<Shape>
				<Polygon POINTS="443 1267 443 1320 443 1320 443 1267"/>
			</Shape>
						</Glyph>
						<Glyph ID="char_618" 
			       CONTENT="t"
			       HPOS="469"
			       VPOS="1269"
			       WIDTH="0"
			       HEIGHT="54"
			       GC="0.9014">
						<Shape>
				<Polygon POINTS="469 1269 469 1323 469 1323 469 1269"/>
			</Shape>
						</Glyph>
						<Glyph ID="char_619" 
			       CONTENT=","
			       HPOS="490"
			       VPOS="1265"
			       WIDTH="0"
			       HEIGHT="58"
			       GC="0.9997">
						<Shape>
				<Polygon POINTS="490 1265 490 1323 490 1323 490 1265"/>
			</Shape>
						</Glyph>
					</String>
									<SP ID="segment_186"
		    HPOS="499" 
		    VPOS="1262"
		    WIDTH="9" 
		    HEIGHT="61"/>
									<String ID="segment_187"
			CONTENT="&amp;" 
			HPOS="512" 
			VPOS="1262"
			WIDTH="0" 
			HEIGHT="61" 
			WC="1.0">
						<Shape>
				<Polygon POINTS="512 1261 511 1261 511 1261 511 1261 511 1261 511 1261 511 1261 511 1261 511 1261 511 1261 511 1261 511 1261 511 1261 511 1261 511 1261 511 1261 511 1262 511 1323 511 1323 511 1323 511 1323 511 1323 511 1323 511 1323 511 1323 511 1323 511 1323 511 1323 511 1323 511 1323 511 1323 511 1323 511 1323 512 1323 512 1323 512 1323 512 1323 512 1323 512 1323 512 1323 512 1323 512 1323 512 1323 512 1323 512 1323 512 1323 512 1323 512 1323 512 1323 512 1323 512 1262 512 1261 512 1261 512 1261 512 1261 512 1261 512 1261 512 1261 512 1261 512 1261 512 1261 512 1261 512 1261 512 1261 512 1261 512 1261 512 1261"/>
			</Shape>
									<Glyph ID="char_621" 
			       CONTENT="&amp;"
			       HPOS="512"
			       VPOS="1262"
			       WIDTH="0"
			       HEIGHT="61"
			       GC="1.0">
						<Shape>
				<Polygon POINTS="512 1262 512 1323 512 1323 512 1262"/>
			</Shape>
						</Glyph>
					</String>
									<SP ID="segment_188"
		    HPOS="551" 
		    VPOS="1270"
		    WIDTH="5" 
		    HEIGHT="53"/>
									<String ID="segment_189"
			CONTENT="vous" 
			HPOS="564" 
			VPOS="1264"
			WIDTH="83" 
			HEIGHT="59" 
			WC="0.9883">
						<Shape>
				<Polygon POINTS="617 1263 616 1263 563 1269 563 1269 563 1269 563 1269 563 1269 563 1269 563 1269 563 1269 563 1269 563 1269 563 1269 563 1269 563 1269 563 1269 563 1269 563 1270 563 1323 563 1323 563 1323 563 1323 563 1323 563 1323 563 1323 563 1323 563 1323 563 1323 563 1323 563 1323 563 1323 563 1323 563 1323 563 1323 564 1323 617 1323 617 1323 647 1322 647 1270 643 1269 617 1263 617 1263 617 1263"/>
			</Shape>
									<Glyph ID="char_623" 
			       CONTENT="v"
			       HPOS="564"
			       VPOS="1270"
			       WIDTH="0"
			       HEIGHT="53"
			       GC="1.0">
						<Shape>
				<Polygon POINTS="564 1270 564 1323 564 1323 564 1270"/>
			</Shape>
						</Glyph>
						<Glyph ID="char_624" 
			       CONTENT="o"
			       HPOS="591"
			       VPOS="1267"
			       WIDTH="0"
			       HEIGHT="56"
			       GC="1.0">
						<Shape>
				<Polygon POINTS="591 1267 591 1323 591 1323 591 1267"/>
			</Shape>
						</Glyph>
						<Glyph ID="char_625" 
			       CONTENT="u"
			       HPOS="617"
			       VPOS="1264"
			       WIDTH="0"
			       HEIGHT="59"
			       GC="0.9554">
						<Shape>
				<Polygon POINTS="617 1264 617 1323 617 1323 617 1264"/>
			</Shape>
						</Glyph>
						<Glyph ID="char_626" 
			       CONTENT="s"
			       HPOS="643"
			       VPOS="1269"
			       WIDTH="4"
			       HEIGHT="53"
			       GC="0.998">
						<Shape>
				<Polygon POINTS="643 1269 643 1322 647 1322 647 1270"/>
			</Shape>
						</Glyph>
					</String>
									<SP ID="segment_190"
		    HPOS="660" 
		    VPOS="1272"
		    WIDTH="5" 
		    HEIGHT="50"/>
									<String ID="segment_191"
			CONTENT="don¬" 
			HPOS="673" 
			VPOS="1269"
			WIDTH="93" 
			HEIGHT="53" 
			WC="0.9978">
						<Shape>
				<Polygon POINTS="673 1268 672 1268 672 1268 672 1268 672 1268 672 1268 672 1268 672 1268 672 1268 672 1268 672 1268 672 1268 672 1268 672 1268 672 1268 672 1268 672 1269 672 1322 672 1322 672 1322 672 1322 672 1322 672 1322 672 1322 672 1322 672 1322 672 1322 672 1322 672 1322 672 1322 672 1322 672 1322 672 1322 673 1322 730 1322 730 1322 730 1322 730 1322 730 1322 766 1306 766 1306 766 1306 766 1306 766 1306 766 1306 766 1306 766 1306 766 1306 766 1306 766 1306 766 1306 766 1306 766 1305 766 1305 766 1305 766 1305 766 1305 766 1305 766 1305 766 1305 766 1305 730 1273 730 1273 730 1273 730 1273 730 1273 730 1273 730 1273 673 1268 673 1268"/>
			</Shape>
									<Glyph ID="char_628" 
			       CONTENT="d"
			       HPOS="673"
			       VPOS="1269"
			       WIDTH="0"
			       HEIGHT="53"
			       GC="0.9999">
						<Shape>
				<Polygon POINTS="673 1269 673 1322 673 1322 673 1269"/>
			</Shape>
						</Glyph>
						<Glyph ID="char_629" 
			       CONTENT="o"
			       HPOS="704"
			       VPOS="1272"
			       WIDTH="0"
			       HEIGHT="50"
			       GC="0.9998">
						<Shape>
				<Polygon POINTS="704 1272 704 1322 704 1322 704 1272"/>
			</Shape>
						</Glyph>
						<Glyph ID="char_630" 
			       CONTENT="n"
			       HPOS="730"
			       VPOS="1274"
			       WIDTH="0"
			       HEIGHT="48"
			       GC="0.9999">
						<Shape>
				<Polygon POINTS="730 1274 730 1322 730 1322 730 1274"/>
			</Shape>
						</Glyph>
						<Glyph ID="char_631" 
			       CONTENT="¬"
			       HPOS="766"
			       VPOS="1306"
			       WIDTH="0"
			       HEIGHT="0"
			       GC="0.9915">
						<Shape>
				<Polygon POINTS="766 1306 766 1306 766 1306 766 1306"/>
			</Shape>
						</Glyph>
					</String>
				</TextLine>
										<TextLine ID="line_22"
	  HPOS="77"
	  VPOS="1319" 
	  WIDTH="686" 
	  HEIGHT="63"	  BASELINE="78 1352 412 1363 763 1360"
	                                          TAGREFS="TYPE_1"                                                                                                                                  >
			<Shape>
			<Polygon POINTS="78 1352 77 1363 382 1376 383 1376 385 1376 402 1370 433 1379 435 1379 436 1379 529 1372 542 1380 544 1380 545 1380 546 1380 591 1370 601 1379 602 1379 604 1379 605 1379 665 1375 675 1382 677 1382 678 1382 680 1382 761 1370 763 1360 760 1329 78 1319 78 1352"/>
		</Shape>
	        							<String ID="segment_192"
			CONTENT="ne" 
			HPOS="90" 
			VPOS="1319"
			WIDTH="32" 
			HEIGHT="46" 
			WC="0.8884">
						<Shape>
				<Polygon POINTS="91 1318 90 1318 90 1318 90 1318 90 1318 90 1318 90 1318 90 1318 90 1318 90 1318 90 1318 90 1318 90 1318 90 1318 90 1318 90 1318 90 1318 89 1363 89 1364 89 1364 89 1364 89 1364 89 1364 89 1364 89 1364 89 1364 89 1364 89 1364 89 1364 89 1364 89 1364 89 1364 89 1364 89 1364 120 1365 121 1365 121 1365 121 1365 121 1365 121 1365 121 1365 121 1365 121 1365 121 1365 121 1365 121 1365 121 1365 121 1365 121 1365 121 1365 121 1365 122 1320 122 1319 122 1319 122 1319 122 1319 122 1319 122 1319 122 1319 122 1319 122 1319 122 1319 122 1319 122 1319 122 1319 122 1319 122 1319 122 1319 91 1318"/>
			</Shape>
									<Glyph ID="char_632" 
			       CONTENT="n"
			       HPOS="90"
			       VPOS="1319"
			       WIDTH="1"
			       HEIGHT="45"
			       GC="0.777">
						<Shape>
				<Polygon POINTS="91 1319 90 1364 90 1364 91 1319"/>
			</Shape>
						</Glyph>
						<Glyph ID="char_633" 
			       CONTENT="e"
			       HPOS="121"
			       VPOS="1320"
			       WIDTH="1"
			       HEIGHT="45"
			       GC="0.9999">
						<Shape>
				<Polygon POINTS="122 1320 121 1365 121 1365 122 1320"/>
			</Shape>
						</Glyph>
					</String>
									<SP ID="segment_193"
		    HPOS="140" 
		    VPOS="1320"
		    WIDTH="5" 
		    HEIGHT="46"/>
									<String ID="segment_194"
			CONTENT="entre" 
			HPOS="152" 
			VPOS="1320"
			WIDTH="90" 
			HEIGHT="50" 
			WC="0.9001">
						<Shape>
				<Polygon POINTS="176 1319 153 1319 152 1319 152 1319 152 1319 152 1319 152 1319 152 1319 152 1319 152 1319 152 1319 152 1319 152 1319 152 1319 152 1319 152 1319 152 1319 152 1319 151 1365 151 1366 151 1366 151 1366 151 1366 151 1366 151 1366 151 1366 151 1366 151 1366 151 1366 151 1366 151 1366 151 1366 151 1366 151 1366 151 1366 239 1370 240 1370 240 1370 240 1370 240 1370 240 1370 240 1370 240 1370 240 1370 240 1370 240 1370 240 1370 240 1370 240 1370 240 1370 240 1370 240 1370 242 1321 242 1320 242 1320 242 1320 242 1320 242 1320 242 1320 242 1320 242 1320 242 1320 242 1320 242 1320 242 1320 242 1320 242 1320 242 1320 242 1320 176 1319"/>
			</Shape>
									<Glyph ID="char_635" 
			       CONTENT="e"
			       HPOS="152"
			       VPOS="1320"
			       WIDTH="1"
			       HEIGHT="46"
			       GC="1.0">
						<Shape>
				<Polygon POINTS="153 1320 152 1366 152 1366 153 1320"/>
			</Shape>
						</Glyph>
						<Glyph ID="char_636" 
			       CONTENT="n"
			       HPOS="175"
			       VPOS="1320"
			       WIDTH="1"
			       HEIGHT="47"
			       GC="1.0">
						<Shape>
				<Polygon POINTS="176 1320 175 1367 175 1367 176 1320"/>
			</Shape>
						</Glyph>
						<Glyph ID="char_637" 
			       CONTENT="t"
			       HPOS="202"
			       VPOS="1321"
			       WIDTH="5"
			       HEIGHT="47"
			       GC="0.999">
						<Shape>
				<Polygon POINTS="203 1321 202 1368 206 1368 207 1321"/>
			</Shape>
						</Glyph>
						<Glyph ID="char_638" 
			       CONTENT="r"
			       HPOS="221"
			       VPOS="1321"
			       WIDTH="1"
			       HEIGHT="48"
			       GC="0.5017">
						<Shape>
				<Polygon POINTS="222 1321 221 1369 221 1369 222 1321"/>
			</Shape>
						</Glyph>
						<Glyph ID="char_639" 
			       CONTENT="e"
			       HPOS="240"
			       VPOS="1321"
			       WIDTH="2"
			       HEIGHT="49"
			       GC="1.0">
						<Shape>
				<Polygon POINTS="242 1321 240 1370 240 1370 242 1321"/>
			</Shape>
						</Glyph>
					</String>
									<SP ID="segment_195"
		    HPOS="263" 
		    VPOS="1322"
		    WIDTH="2" 
		    HEIGHT="49"/>
									<String ID="segment_196"
			CONTENT="autres" 
			HPOS="271" 
			VPOS="1322"
			WIDTH="110" 
			HEIGHT="54" 
			WC="0.9979">
						<Shape>
				<Polygon POINTS="296 1321 273 1321 272 1321 272 1321 272 1321 272 1321 272 1321 272 1321 272 1321 272 1321 272 1321 272 1321 272 1321 272 1321 272 1321 272 1321 272 1321 272 1321 270 1370 270 1371 270 1371 270 1371 270 1371 270 1371 270 1371 270 1371 270 1371 270 1371 270 1371 270 1371 270 1371 270 1371 270 1371 270 1371 270 1371 355 1375 378 1376 379 1376 379 1376 379 1376 379 1376 379 1376 379 1376 379 1376 379 1376 379 1376 379 1376 379 1376 379 1376 379 1376 379 1376 379 1376 379 1376 381 1323 381 1322 381 1322 381 1322 381 1322 381 1322 381 1322 381 1322 381 1322 381 1322 381 1322 381 1322 381 1322 381 1322 381 1322 381 1322 381 1322 296 1321"/>
			</Shape>
									<Glyph ID="char_641" 
			       CONTENT="a"
			       HPOS="271"
			       VPOS="1322"
			       WIDTH="2"
			       HEIGHT="49"
			       GC="0.9899">
						<Shape>
				<Polygon POINTS="273 1322 271 1371 271 1371 273 1322"/>
			</Shape>
						</Glyph>
						<Glyph ID="char_642" 
			       CONTENT="u"
			       HPOS="294"
			       VPOS="1322"
			       WIDTH="2"
			       HEIGHT="50"
			       GC="0.9999">
						<Shape>
				<Polygon POINTS="296 1322 294 1372 294 1372 296 1322"/>
			</Shape>
						</Glyph>
						<Glyph ID="char_643" 
			       CONTENT="t"
			       HPOS="321"
			       VPOS="1323"
			       WIDTH="2"
			       HEIGHT="50"
			       GC="1.0">
						<Shape>
				<Polygon POINTS="323 1323 321 1373 321 1373 323 1323"/>
			</Shape>
						</Glyph>
						<Glyph ID="char_644" 
			       CONTENT="r"
			       HPOS="340"
			       VPOS="1323"
			       WIDTH="2"
			       HEIGHT="51"
			       GC="0.9993">
						<Shape>
				<Polygon POINTS="342 1323 340 1374 340 1374 342 1323"/>
			</Shape>
						</Glyph>
						<Glyph ID="char_645" 
			       CONTENT="e"
			       HPOS="356"
			       VPOS="1323"
			       WIDTH="2"
			       HEIGHT="52"
			       GC="0.9983">
						<Shape>
				<Polygon POINTS="358 1323 356 1375 356 1375 358 1323"/>
			</Shape>
						</Glyph>
						<Glyph ID="char_646" 
			       CONTENT="s"
			       HPOS="379"
			       VPOS="1323"
			       WIDTH="2"
			       HEIGHT="53"
			       GC="1.0">
						<Shape>
				<Polygon POINTS="381 1323 379 1376 379 1376 381 1323"/>
			</Shape>
						</Glyph>
					</String>
									<SP ID="segment_197"
		    HPOS="407" 
		    VPOS="1324"
		    WIDTH="5" 
		    HEIGHT="48"/>
									<String ID="segment_198"
			CONTENT="felicitez" 
			HPOS="418" 
			VPOS="1324"
			WIDTH="148" 
			HEIGHT="56" 
			WC="0.9982">
						<Shape>
				<Polygon POINTS="417 1323 417 1323 417 1323 417 1323 417 1323 417 1323 417 1323 417 1323 417 1323 417 1323 417 1323 417 1323 417 1323 417 1323 417 1323 417 1323 417 1324 418 1375 418 1375 418 1375 418 1375 418 1375 418 1375 418 1375 418 1375 418 1375 418 1375 418 1375 418 1375 418 1375 418 1375 434 1379 542 1380 542 1380 542 1380 566 1376 566 1326 511 1324 417 1323"/>
			</Shape>
									<Glyph ID="char_648" 
			       CONTENT="f"
			       HPOS="418"
			       VPOS="1324"
			       WIDTH="1"
			       HEIGHT="51"
			       GC="1.0">
						<Shape>
				<Polygon POINTS="418 1324 419 1375 419 1375 418 1324"/>
			</Shape>
						</Glyph>
						<Glyph ID="char_649" 
			       CONTENT="e"
			       HPOS="433"
			       VPOS="1324"
			       WIDTH="5"
			       HEIGHT="55"
			       GC="0.9905">
						<Shape>
				<Polygon POINTS="433 1324 434 1379 438 1379 437 1324"/>
			</Shape>
						</Glyph>
						<Glyph ID="char_650" 
			       CONTENT="l"
			       HPOS="456"
			       VPOS="1325"
			       WIDTH="1"
			       HEIGHT="52"
			       GC="1.0">
						<Shape>
				<Polygon POINTS="456 1325 457 1377 457 1377 456 1325"/>
			</Shape>
						</Glyph>
						<Glyph ID="char_651" 
			       CONTENT="i"
			       HPOS="472"
			       VPOS="1325"
			       WIDTH="1"
			       HEIGHT="51"
			       GC="0.9986">
						<Shape>
				<Polygon POINTS="472 1325 473 1376 473 1376 472 1325"/>
			</Shape>
						</Glyph>
						<Glyph ID="char_652" 
			       CONTENT="c"
			       HPOS="487"
			       VPOS="1325"
			       WIDTH="1"
			       HEIGHT="50"
			       GC="1.0">
						<Shape>
				<Polygon POINTS="487 1325 488 1375 488 1375 487 1325"/>
			</Shape>
						</Glyph>
						<Glyph ID="char_653" 
			       CONTENT="i"
			       HPOS="511"
			       VPOS="1325"
			       WIDTH="0"
			       HEIGHT="48"
			       GC="1.0">
						<Shape>
				<Polygon POINTS="511 1325 511 1373 511 1373 511 1325"/>
			</Shape>
						</Glyph>
						<Glyph ID="char_654" 
			       CONTENT="t"
			       HPOS="523"
			       VPOS="1326"
			       WIDTH="0"
			       HEIGHT="46"
			       GC="0.9949">
						<Shape>
				<Polygon POINTS="523 1326 523 1372 523 1372 523 1326"/>
			</Shape>
						</Glyph>
						<Glyph ID="char_655" 
			       CONTENT="e"
			       HPOS="542"
			       VPOS="1326"
			       WIDTH="0"
			       HEIGHT="54"
			       GC="1.0">
						<Shape>
				<Polygon POINTS="542 1326 542 1380 542 1380 542 1326"/>
			</Shape>
						</Glyph>
						<Glyph ID="char_656" 
			       CONTENT="z"
			       HPOS="562"
			       VPOS="1326"
			       WIDTH="4"
			       HEIGHT="50"
			       GC="1.0">
						<Shape>
				<Polygon POINTS="562 1326 562 1376 566 1376 566 1326"/>
			</Shape>
						</Glyph>
					</String>
									<SP ID="segment_199"
		    HPOS="593" 
		    VPOS="1327"
		    WIDTH="4" 
		    HEIGHT="48"/>
									<String ID="segment_200"
			CONTENT="vne" 
			HPOS="604" 
			VPOS="1327"
			WIDTH="55" 
			HEIGHT="52" 
			WC="0.9989">
						<Shape>
				<Polygon POINTS="604 1326 603 1326 603 1326 603 1326 603 1326 603 1326 603 1326 603 1326 603 1326 603 1326 603 1326 603 1326 603 1326 603 1326 603 1326 603 1326 603 1327 603 1379 603 1379 603 1379 603 1379 603 1379 603 1379 603 1379 603 1379 603 1379 603 1379 603 1379 603 1379 603 1379 603 1379 603 1379 603 1379 604 1379 604 1379 659 1375 659 1375 659 1375 659 1375 659 1375 659 1375 659 1375 659 1375 659 1375 659 1375 659 1375 659 1375 659 1375 659 1375 659 1375 659 1375 659 1328 659 1327 659 1327 659 1327 659 1327 659 1327 659 1327 659 1327 659 1327 659 1327 659 1327 659 1327 659 1327 659 1327 659 1327 659 1327 659 1327 631 1326 604 1326"/>
			</Shape>
									<Glyph ID="char_658" 
			       CONTENT="v"
			       HPOS="604"
			       VPOS="1327"
			       WIDTH="0"
			       HEIGHT="52"
			       GC="1.0">
						<Shape>
				<Polygon POINTS="604 1327 604 1379 604 1379 604 1327"/>
			</Shape>
						</Glyph>
						<Glyph ID="char_659" 
			       CONTENT="n"
			       HPOS="631"
			       VPOS="1327"
			       WIDTH="0"
			       HEIGHT="50"
			       GC="0.9968">
						<Shape>
				<Polygon POINTS="631 1327 631 1377 631 1377 631 1327"/>
			</Shape>
						</Glyph>
						<Glyph ID="char_660" 
			       CONTENT="e"
			       HPOS="659"
			       VPOS="1328"
			       WIDTH="0"
			       HEIGHT="47"
			       GC="0.9999">
						<Shape>
				<Polygon POINTS="659 1328 659 1375 659 1375 659 1328"/>
			</Shape>
						</Glyph>
					</String>
									<SP ID="segment_201"
		    HPOS="686" 
		    VPOS="1328"
		    WIDTH="3" 
		    HEIGHT="53"/>
									<String ID="segment_202"
			CONTENT="po¬" 
			HPOS="697" 
			VPOS="1328"
			WIDTH="65" 
			HEIGHT="51" 
			WC="0.9997">
						<Shape>
				<Polygon POINTS="697 1327 696 1327 696 1327 696 1327 696 1327 696 1327 696 1327 696 1327 696 1327 696 1327 696 1327 696 1327 696 1327 696 1327 696 1327 696 1327 696 1328 696 1379 696 1379 696 1379 696 1379 696 1379 696 1379 696 1379 696 1379 696 1379 696 1379 696 1379 696 1379 696 1379 696 1379 696 1379 696 1379 697 1379 697 1379 724 1375 724 1375 762 1366 762 1366 762 1366 762 1366 762 1366 762 1366 762 1366 762 1366 762 1366 762 1366 762 1366 762 1366 762 1366 762 1366 762 1366 762 1346 762 1345 762 1345 762 1345 762 1345 762 1345 762 1345 762 1345 762 1345 762 1345 762 1345 762 1345 724 1327 724 1327 724 1327 724 1327 724 1327 724 1327 697 1327"/>
			</Shape>
									<Glyph ID="char_662" 
			       CONTENT="p"
			       HPOS="697"
			       VPOS="1328"
			       WIDTH="0"
			       HEIGHT="51"
			       GC="0.9999">
						<Shape>
				<Polygon POINTS="697 1328 697 1379 697 1379 697 1328"/>
			</Shape>
						</Glyph>
						<Glyph ID="char_663" 
			       CONTENT="o"
			       HPOS="724"
			       VPOS="1328"
			       WIDTH="0"
			       HEIGHT="47"
			       GC="0.9999">
						<Shape>
				<Polygon POINTS="724 1328 724 1375 724 1375 724 1328"/>
			</Shape>
						</Glyph>
						<Glyph ID="char_664" 
			       CONTENT="¬"
			       HPOS="762"
			       VPOS="1346"
			       WIDTH="0"
			       HEIGHT="20"
			       GC="0.9992">
						<Shape>
				<Polygon POINTS="762 1346 762 1366 762 1366 762 1346"/>
			</Shape>
						</Glyph>
					</String>
				</TextLine>
										<TextLine ID="line_23"
	  HPOS="77"
	  VPOS="1365" 
	  WIDTH="686" 
	  HEIGHT="85"	  BASELINE="78 1410 763 1420"
	                                          TAGREFS="TYPE_1"                                                                                                                                  >
			<Shape>
			<Polygon POINTS="757 1383 741 1375 740 1375 738 1375 737 1375 735 1375 703 1386 698 1387 594 1385 591 1383 568 1372 567 1372 524 1372 522 1372 521 1372 519 1372 511 1380 504 1385 419 1377 418 1377 372 1383 337 1375 336 1375 335 1375 292 1380 277 1372 273 1367 272 1367 270 1367 269 1367 250 1370 193 1380 180 1367 178 1367 178 1366 177 1366 176 1366 174 1366 167 1367 128 1376 115 1366 114 1366 113 1366 78 1365 78 1410 77 1429 174 1429 181 1433 203 1443 204 1443 206 1443 207 1443 209 1443 220 1433 221 1432 229 1433 272 1445 273 1445 274 1446 363 1446 363 1445 365 1445 366 1445 379 1436 383 1433 402 1436 441 1442 442 1442 443 1442 455 1436 461 1435 468 1436 505 1448 506 1448 508 1449 535 1449 535 1448 536 1448 538 1448 549 1437 555 1435 612 1435 615 1439 624 1446 624 1448 625 1448 627 1448 664 1450 665 1450 761 1440 763 1420 763 1400 757 1383"/>
		</Shape>
	        							<String ID="segment_203"
			CONTENT="ſterité" 
			HPOS="78" 
			VPOS="1365"
			WIDTH="129" 
			HEIGHT="78" 
			WC="0.9935">
						<Shape>
				<Polygon POINTS="79 1364 78 1364 78 1364 78 1364 78 1364 78 1364 78 1364 78 1364 78 1364 78 1364 78 1364 78 1364 78 1364 78 1364 78 1364 78 1364 78 1364 77 1409 77 1410 77 1410 77 1410 77 1410 77 1410 77 1410 77 1410 77 1410 77 1410 77 1410 104 1429 104 1429 104 1429 104 1429 104 1429 104 1429 206 1443 207 1443 207 1443 207 1443 207 1443 207 1443 207 1443 207 1443 207 1443 207 1443 207 1443 207 1443 207 1443 207 1443 207 1443 207 1443 207 1443 207 1443 207 1377 207 1376 207 1376 207 1376 207 1376 207 1376 207 1376 207 1376 207 1376 207 1376 207 1376 207 1376 207 1376 207 1376 181 1367 181 1367 181 1367 181 1367 79 1364"/>
			</Shape>
									<Glyph ID="char_665" 
			       CONTENT="ſ"
			       HPOS="78"
			       VPOS="1365"
			       WIDTH="1"
			       HEIGHT="45"
			       GC="0.9962">
						<Shape>
				<Polygon POINTS="79 1365 78 1410 78 1410 79 1365"/>
			</Shape>
						</Glyph>
						<Glyph ID="char_666" 
			       CONTENT="t"
			       HPOS="105"
			       VPOS="1366"
			       WIDTH="1"
			       HEIGHT="63"
			       GC="1.0">
						<Shape>
				<Polygon POINTS="106 1366 105 1429 105 1429 106 1366"/>
			</Shape>
						</Glyph>
						<Glyph ID="char_667" 
			       CONTENT="e"
			       HPOS="126"
			       VPOS="1375"
			       WIDTH="1"
			       HEIGHT="54"
			       GC="0.9869">
						<Shape>
				<Polygon POINTS="127 1375 126 1429 126 1429 127 1375"/>
			</Shape>
						</Glyph>
						<Glyph ID="char_668" 
			       CONTENT="r"
			       HPOS="148"
			       VPOS="1371"
			       WIDTH="1"
			       HEIGHT="58"
			       GC="0.9989">
						<Shape>
				<Polygon POINTS="149 1371 148 1429 148 1429 149 1371"/>
			</Shape>
						</Glyph>
						<Glyph ID="char_669" 
			       CONTENT="i"
			       HPOS="164"
			       VPOS="1368"
			       WIDTH="1"
			       HEIGHT="61"
			       GC="0.9829">
						<Shape>
				<Polygon POINTS="165 1368 164 1429 164 1429 165 1368"/>
			</Shape>
						</Glyph>
						<Glyph ID="char_670" 
			       CONTENT="t"
			       HPOS="180"
			       VPOS="1368"
			       WIDTH="1"
			       HEIGHT="64"
			       GC="0.9841">
						<Shape>
				<Polygon POINTS="181 1368 180 1432 180 1432 181 1368"/>
			</Shape>
						</Glyph>
						<Glyph ID="char_671" 
			       CONTENT="e"
			       HPOS="196"
			       VPOS="1379"
			       WIDTH="5"
			       HEIGHT="63"
			       GC="0.9992">
						<Shape>
				<Polygon POINTS="196 1379 196 1440 201 1442 201 1379"/>
			</Shape>
						</Glyph>
						<Glyph ID="char_672" 
			       CONTENT="́"
			       HPOS="207"
			       VPOS="1377"
			       WIDTH="0"
			       HEIGHT="66"
			       GC="1.0">
						<Shape>
				<Polygon POINTS="207 1377 207 1443 207 1443 207 1377"/>
			</Shape>
						</Glyph>
					</String>
									<SP ID="segment_204"
		    HPOS="212" 
		    VPOS="1376"
		    WIDTH="7" 
		    HEIGHT="65"/>
									<String ID="segment_205"
			CONTENT="telle" 
			HPOS="223" 
			VPOS="1367"
			WIDTH="75" 
			HEIGHT="79" 
			WC="0.9859">
						<Shape>
				<Polygon POINTS="267 1366 266 1366 266 1366 244 1370 223 1374 223 1374 223 1374 223 1374 223 1374 223 1374 223 1374 223 1374 223 1374 223 1374 223 1374 223 1374 223 1374 223 1374 223 1374 222 1431 222 1432 222 1432 222 1432 222 1432 222 1432 222 1432 222 1432 222 1432 222 1432 222 1432 222 1432 222 1432 222 1432 222 1432 265 1443 280 1446 280 1446 280 1446 281 1446 297 1446 298 1379 267 1366 267 1366 267 1366 267 1366 267 1366"/>
			</Shape>
									<Glyph ID="char_674" 
			       CONTENT="t"
			       HPOS="223"
			       VPOS="1375"
			       WIDTH="1"
			       HEIGHT="57"
			       GC="0.9889">
						<Shape>
				<Polygon POINTS="224 1375 223 1432 223 1432 224 1375"/>
			</Shape>
						</Glyph>
						<Glyph ID="char_675" 
			       CONTENT="e"
			       HPOS="244"
			       VPOS="1371"
			       WIDTH="1"
			       HEIGHT="66"
			       GC="0.9493">
						<Shape>
				<Polygon POINTS="245 1371 244 1437 244 1437 245 1371"/>
			</Shape>
						</Glyph>
						<Glyph ID="char_676" 
			       CONTENT="l"
			       HPOS="266"
			       VPOS="1367"
			       WIDTH="1"
			       HEIGHT="76"
			       GC="0.9958">
						<Shape>
				<Polygon POINTS="267 1367 266 1443 266 1443 267 1367"/>
			</Shape>
						</Glyph>
						<Glyph ID="char_677" 
			       CONTENT="l"
			       HPOS="281"
			       VPOS="1375"
			       WIDTH="2"
			       HEIGHT="71"
			       GC="0.9957">
						<Shape>
				<Polygon POINTS="283 1375 281 1446 281 1446 283 1375"/>
			</Shape>
						</Glyph>
						<Glyph ID="char_678" 
			       CONTENT="e"
			       HPOS="292"
			       VPOS="1379"
			       WIDTH="6"
			       HEIGHT="67"
			       GC="1.0">
						<Shape>
				<Polygon POINTS="293 1380 292 1446 297 1446 298 1379"/>
			</Shape>
						</Glyph>
					</String>
									<SP ID="segment_206"
		    HPOS="313" 
		    VPOS="1377"
		    WIDTH="8" 
		    HEIGHT="69"/>
									<String ID="segment_207"
			CONTENT="que" 
			HPOS="325" 
			VPOS="1376"
			WIDTH="59" 
			HEIGHT="70" 
			WC="0.9449">
						<Shape>
				<Polygon POINTS="326 1375 325 1375 325 1375 325 1375 325 1375 325 1375 325 1375 325 1375 325 1375 325 1375 325 1375 325 1375 325 1375 325 1375 325 1375 325 1375 325 1375 324 1445 324 1446 324 1446 324 1446 324 1446 324 1446 324 1446 324 1446 324 1446 324 1446 324 1446 324 1446 324 1446 324 1446 324 1446 324 1446 324 1446 357 1446 357 1446 357 1446 357 1446 357 1446 357 1446 384 1433 384 1433 384 1433 384 1433 384 1433 384 1433 384 1433 384 1433 384 1433 384 1433 384 1433 384 1433 384 1381 384 1380 384 1380 384 1380 384 1380 384 1380 384 1380 384 1380 384 1380 384 1380 384 1380 384 1380 384 1380 384 1380 384 1380 384 1380 326 1375 326 1375"/>
			</Shape>
									<Glyph ID="char_680" 
			       CONTENT="q"
			       HPOS="325"
			       VPOS="1376"
			       WIDTH="1"
			       HEIGHT="70"
			       GC="0.9582">
						<Shape>
				<Polygon POINTS="326 1376 325 1446 325 1446 326 1376"/>
			</Shape>
						</Glyph>
						<Glyph ID="char_681" 
			       CONTENT="u"
			       HPOS="357"
			       VPOS="1380"
			       WIDTH="0"
			       HEIGHT="66"
			       GC="0.9283">
						<Shape>
				<Polygon POINTS="357 1380 357 1446 357 1446 357 1380"/>
			</Shape>
						</Glyph>
						<Glyph ID="char_682" 
			       CONTENT="e"
			       HPOS="384"
			       VPOS="1381"
			       WIDTH="0"
			       HEIGHT="52"
			       GC="0.9481">
						<Shape>
				<Polygon POINTS="384 1381 384 1433 384 1433 384 1381"/>
			</Shape>
						</Glyph>
					</String>
									<SP ID="segment_208"
		    HPOS="400" 
		    VPOS="1379"
		    WIDTH="5" 
		    HEIGHT="57"/>
									<String ID="segment_209"
			CONTENT="vous" 
			HPOS="411" 
			VPOS="1378"
			WIDTH="86" 
			HEIGHT="67" 
			WC="0.9961">
						<Shape>
				<Polygon POINTS="412 1377 411 1377 411 1377 411 1377 411 1377 411 1377 411 1377 411 1377 411 1377 411 1377 411 1377 411 1377 411 1377 411 1377 411 1377 411 1377 411 1377 410 1436 410 1437 410 1437 410 1437 410 1437 410 1437 410 1437 410 1437 410 1437 410 1437 410 1437 410 1437 410 1437 410 1437 410 1437 410 1437 437 1441 496 1445 497 1445 497 1445 497 1445 497 1445 497 1445 497 1445 497 1445 497 1445 497 1445 497 1445 497 1445 497 1445 497 1445 497 1445 497 1445 497 1445 497 1445 497 1384 497 1383 497 1383 497 1383 497 1383 497 1383 497 1383 497 1383 497 1383 497 1383 497 1383 497 1383 497 1383 497 1383 497 1383 497 1383 464 1380 438 1378 438 1378 412 1377"/>
			</Shape>
									<Glyph ID="char_684" 
			       CONTENT="v"
			       HPOS="411"
			       VPOS="1378"
			       WIDTH="1"
			       HEIGHT="59"
			       GC="1.0">
						<Shape>
				<Polygon POINTS="412 1378 411 1437 411 1437 412 1378"/>
			</Shape>
						</Glyph>
						<Glyph ID="char_685" 
			       CONTENT="o"
			       HPOS="438"
			       VPOS="1379"
			       WIDTH="0"
			       HEIGHT="62"
			       GC="1.0">
						<Shape>
				<Polygon POINTS="438 1379 438 1441 438 1441 438 1379"/>
			</Shape>
						</Glyph>
						<Glyph ID="char_686" 
			       CONTENT="u"
			       HPOS="464"
			       VPOS="1381"
			       WIDTH="0"
			       HEIGHT="54"
			       GC="1.0">
						<Shape>
				<Polygon POINTS="464 1381 464 1435 464 1435 464 1381"/>
			</Shape>
						</Glyph>
						<Glyph ID="char_687" 
			       CONTENT="s"
			       HPOS="497"
			       VPOS="1384"
			       WIDTH="0"
			       HEIGHT="61"
			       GC="0.9846">
						<Shape>
				<Polygon POINTS="497 1384 497 1445 497 1445 497 1384"/>
			</Shape>
						</Glyph>
					</String>
									<SP ID="segment_210"
		    HPOS="506" 
		    VPOS="1377"
		    WIDTH="8" 
		    HEIGHT="72"/>
									<String ID="segment_211"
			CONTENT="deſirez" 
			HPOS="522" 
			VPOS="1372"
			WIDTH="120" 
			HEIGHT="77" 
			WC="0.9988">
						<Shape>
				<Polygon POINTS="551 1371 524 1371 523 1371 523 1371 523 1371 523 1371 523 1371 523 1371 523 1371 523 1371 523 1371 523 1371 523 1371 523 1371 523 1371 523 1371 523 1371 523 1371 521 1448 521 1449 521 1449 521 1449 521 1449 521 1449 521 1449 521 1449 521 1449 521 1449 521 1449 521 1449 521 1449 521 1449 521 1449 521 1449 521 1449 641 1449 642 1386 573 1373 573 1373 551 1371 551 1371"/>
			</Shape>
									<Glyph ID="char_689" 
			       CONTENT="d"
			       HPOS="522"
			       VPOS="1372"
			       WIDTH="2"
			       HEIGHT="77"
			       GC="1.0">
						<Shape>
				<Polygon POINTS="524 1372 522 1449 522 1449 524 1372"/>
			</Shape>
						</Glyph>
						<Glyph ID="char_690" 
			       CONTENT="e"
			       HPOS="550"
			       VPOS="1372"
			       WIDTH="1"
			       HEIGHT="65"
			       GC="0.9951">
						<Shape>
				<Polygon POINTS="551 1372 550 1437 550 1437 551 1372"/>
			</Shape>
						</Glyph>
						<Glyph ID="char_691" 
			       CONTENT="ſ"
			       HPOS="572"
			       VPOS="1374"
			       WIDTH="1"
			       HEIGHT="61"
			       GC="0.9998">
						<Shape>
				<Polygon POINTS="573 1374 572 1435 572 1435 573 1374"/>
			</Shape>
						</Glyph>
						<Glyph ID="char_692" 
			       CONTENT="i"
			       HPOS="582"
			       VPOS="1379"
			       WIDTH="1"
			       HEIGHT="56"
			       GC="0.9983">
						<Shape>
				<Polygon POINTS="583 1379 582 1435 582 1435 583 1379"/>
			</Shape>
						</Glyph>
						<Glyph ID="char_693" 
			       CONTENT="r"
			       HPOS="599"
			       VPOS="1385"
			       WIDTH="0"
			       HEIGHT="50"
			       GC="1.0">
						<Shape>
				<Polygon POINTS="599 1385 599 1435 599 1435 599 1385"/>
			</Shape>
						</Glyph>
						<Glyph ID="char_694" 
			       CONTENT="e"
			       HPOS="615"
			       VPOS="1385"
			       WIDTH="5"
			       HEIGHT="58"
			       GC="0.9989">
						<Shape>
				<Polygon POINTS="615 1385 615 1439 620 1443 620 1386"/>
			</Shape>
						</Glyph>
						<Glyph ID="char_695" 
			       CONTENT="z"
			       HPOS="635"
			       VPOS="1386"
			       WIDTH="7"
			       HEIGHT="63"
			       GC="0.9997">
						<Shape>
				<Polygon POINTS="636 1386 635 1448 641 1449 642 1386"/>
			</Shape>
						</Glyph>
					</String>
									<SP ID="segment_212"
		    HPOS="657" 
		    VPOS="1386"
		    WIDTH="6" 
		    HEIGHT="64"/>
									<String ID="segment_213"
			CONTENT="pour" 
			HPOS="667" 
			VPOS="1378"
			WIDTH="87" 
			HEIGHT="72" 
			WC="0.9998">
						<Shape>
				<Polygon POINTS="728 1377 727 1377 727 1377 667 1385 667 1385 667 1385 667 1385 667 1385 667 1385 667 1385 667 1385 667 1385 667 1385 667 1385 667 1385 667 1385 667 1385 667 1385 666 1449 666 1450 666 1450 666 1450 666 1450 666 1450 666 1450 666 1450 666 1450 666 1450 666 1450 666 1450 666 1450 666 1450 666 1450 666 1450 666 1450 667 1450 727 1444 754 1441 754 1441 754 1441 754 1441 754 1441 754 1441 754 1441 754 1441 754 1441 754 1441 754 1441 754 1441 754 1441 754 1441 754 1441 754 1441 754 1382 754 1381 754 1381 754 1381 754 1381 754 1381 754 1381 754 1381 754 1381 754 1381 754 1381 754 1381 754 1381 754 1381 754 1381 728 1377 728 1377"/>
			</Shape>
									<Glyph ID="char_697" 
			       CONTENT="p"
			       HPOS="667"
			       VPOS="1386"
			       WIDTH="1"
			       HEIGHT="64"
			       GC="1.0">
						<Shape>
				<Polygon POINTS="668 1386 667 1450 667 1450 668 1386"/>
			</Shape>
						</Glyph>
						<Glyph ID="char_698" 
			       CONTENT="o"
			       HPOS="701"
			       VPOS="1386"
			       WIDTH="0"
			       HEIGHT="60"
			       GC="0.9999">
						<Shape>
				<Polygon POINTS="701 1386 701 1446 701 1446 701 1386"/>
			</Shape>
						</Glyph>
						<Glyph ID="char_699" 
			       CONTENT="u"
			       HPOS="727"
			       VPOS="1378"
			       WIDTH="1"
			       HEIGHT="66"
			       GC="0.9995">
						<Shape>
				<Polygon POINTS="728 1378 727 1444 727 1444 728 1378"/>
			</Shape>
						</Glyph>
						<Glyph ID="char_700" 
			       CONTENT="r"
			       HPOS="754"
			       VPOS="1382"
			       WIDTH="0"
			       HEIGHT="59"
			       GC="0.9999">
						<Shape>
				<Polygon POINTS="754 1382 754 1441 754 1441 754 1382"/>
			</Shape>
						</Glyph>
					</String>
				</TextLine>
										</TextBlock>
																					<TextBlock ID="block_0"
						   HPOS="536"
						   VPOS="1448" 
						   WIDTH="62" 
						   HEIGHT="27"
 					            					            					            					            					            					            					            					            					            					           TAGREFS="TYPE_8" 					            					            					            					            					            					           >
					<Shape>
						<Polygon POINTS="536 1448 598 1448 598 1475 536 1475 536 1448"/>
					</Shape>
										<TextLine ID="line_24"
	  HPOS="525"
	  VPOS="1436" 
	  WIDTH="69" 
	  HEIGHT="82"	  BASELINE="528 1463 594 1466"
	                                          TAGREFS="TYPE_1"                                                                                                                                  >
			<Shape>
			<Polygon POINTS="585 1448 571 1448 557 1448 542 1448 536 1436 528 1436 528 1463 525 1509 559 1518 561 1518 562 1518 591 1505 594 1466 594 1448 585 1448"/>
		</Shape>
	        							<String ID="segment_214"
			CONTENT="Auij" 
			HPOS="528" 
			VPOS="1436"
			WIDTH="63" 
			HEIGHT="80" 
			WC="0.9259">
						<Shape>
				<Polygon POINTS="529 1435 528 1435 528 1435 528 1435 528 1435 528 1435 528 1435 528 1435 528 1435 528 1435 528 1435 528 1435 528 1435 528 1435 528 1435 528 1435 528 1435 527 1462 527 1463 527 1463 527 1463 527 1463 527 1463 527 1463 527 1463 565 1516 565 1516 565 1516 565 1516 565 1516 565 1516 565 1516 565 1516 565 1516 565 1516 566 1516 566 1516 566 1516 566 1516 566 1516 577 1511 588 1506 588 1506 588 1506 588 1506 588 1506 588 1506 588 1506 588 1506 588 1506 588 1506 588 1506 588 1506 591 1448 591 1447 591 1447 591 1447 591 1447 591 1447 591 1447 591 1447 591 1447 591 1447 591 1447 591 1447 591 1447 591 1447 591 1447 591 1447 529 1435 529 1435 529 1435"/>
			</Shape>
									<Glyph ID="char_701" 
			       CONTENT="A"
			       HPOS="528"
			       VPOS="1436"
			       WIDTH="1"
			       HEIGHT="27"
			       GC="0.9845">
						<Shape>
				<Polygon POINTS="529 1436 528 1463 528 1463 529 1436"/>
			</Shape>
						</Glyph>
						<Glyph ID="char_702" 
			       CONTENT="u"
			       HPOS="566"
			       VPOS="1448"
			       WIDTH="3"
			       HEIGHT="68"
			       GC="0.8281">
						<Shape>
				<Polygon POINTS="569 1448 566 1516 566 1516 569 1448"/>
			</Shape>
						</Glyph>
						<Glyph ID="char_703" 
			       CONTENT="i"
			       HPOS="577"
			       VPOS="1448"
			       WIDTH="3"
			       HEIGHT="63"
			       GC="0.9614">
						<Shape>
				<Polygon POINTS="580 1448 577 1511 577 1511 580 1448"/>
			</Shape>
						</Glyph>
						<Glyph ID="char_704" 
			       CONTENT="j"
			       HPOS="588"
			       VPOS="1448"
			       WIDTH="3"
			       HEIGHT="58"
			       GC="0.9295">
						<Shape>
				<Polygon POINTS="591 1448 588 1506 588 1506 591 1448"/>
			</Shape>
						</Glyph>
					</String>
				</TextLine>
										</TextBlock>
										</PrintSpace>
		</Page>
	</Layout>
</alto>